@ARTICLE{Callingham2021,
       author = {{Callingham}, J.~R. and {Vedantham}, H.~K. and {Shimwell}, T.~W. and {Pope}, B.~J.~S. and {Davis}, I.~E. and {Best}, P.~N. and {Hardcastle}, M.~J. and {R{\"o}ttgering}, H.~J.~A. and {Sabater}, J. and {Tasse}, C. and {van Weeren}, R.~J. and {Williams}, W.~L. and {Zarka}, P. and {de Gasperin}, F. and {Drabent}, A.},
        title = "{The population of M dwarfs observed at low radio frequencies}",
      journal = {Nature Astronomy},
     keywords = {Astrophysics - Solar and Stellar Astrophysics, Astrophysics - Earth and Planetary Astrophysics, Astrophysics - High Energy Astrophysical Phenomena},
         year = 2021,
        month = dec,
       volume = {5},
        pages = {1233-1239},
          doi = {10.1038/s41550-021-01483-0},
archivePrefix = {arXiv},
       eprint = {2110.03713},
 primaryClass = {astro-ph.SR},
       adsurl = {https://ui.adsabs.harvard.edu/abs/2021NatAs...5.1233C},
      adsnote = {Provided by the SAO/NASA Astrophysics Data System}
}


@ARTICLE{Jewitt2025,
       author = {{Jewitt}, David},
        title = "{Nongravitational Forces in Planetary Systems}",
      journal = {\psj},
     keywords = {Small Solar System bodies, Asteroid satellites, Long period comets, Main-belt comets, Short period comets, Debris disks, Comets, Asteroids, 1469, 2207, 933, 2131, 1452, 363, 280, 72, Astrophysics - Earth and Planetary Astrophysics},
         year = 2025,
        month = jan,
       volume = {6},
       number = {1},
          eid = {12},
        pages = {12},
          doi = {10.3847/PSJ/ad9824},
archivePrefix = {arXiv},
       eprint = {2411.10923},
 primaryClass = {astro-ph.EP},
       adsurl = {https://ui.adsabs.harvard.edu/abs/2025PSJ.....6...12J},
      adsnote = {Provided by the SAO/NASA Astrophysics Data System}
}



@ARTICLE{Rickman1989,
       author = {{Rickman}, H.},
        title = "{The nucleus of comet Halley: Surface structure, mean density, gas and dust production}",
      journal = {Advances in Space Research},
     keywords = {Comet Nuclei, Halley'S Comet, Cosmic Dust, Density Distribution, Gas Flow, Spin Dynamics, Sublimation, Water, COMETS, HALLEY, COMET NUCLEI, SURFACE, STRUCTURE, DENSITY, GASES, DUST, PRODUCTION RATE, VELOCITY, OUTGASSING, WATER, CALCULATIONS, MASS, SPIN, DIAGRAMS, ROTATION, THERMAL PROPERTIES, EVOLUTION, REFRACTORY MATERIAL, Astrophysics; Comets},
         year = 1989,
        month = jan,
       volume = {9},
       number = {3},
        pages = {59-71},
          doi = {10.1016/0273-1177(89)90241-X},
       adsurl = {https://ui.adsabs.harvard.edu/abs/1989AdSpR...9c..59R},
      adsnote = {Provided by the SAO/NASA Astrophysics Data System}
}



@ARTICLE{Croll2014,
       author = {{Croll}, Bryce and {Rappaport}, Saul and {DeVore}, John and {Gilliland}, Ronald L. and {Crepp}, Justin R. and {Howard}, Andrew W. and {Star}, Kimberly M. and {Chiang}, Eugene and {Levine}, Alan M. and {Jenkins}, Jon M. and {Albert}, Loic and {Bonomo}, Aldo S. and {Fortney}, Jonathan J. and {Isaacson}, Howard},
        title = "{Multiwavelength Observations of the Candidate Disintegrating Sub-Mercury KIC 12557548b}",
      journal = {\apj},
     keywords = {eclipses, infrared: planetary systems, planetary systems, stars: individual: KIC 12557548, techniques: photometric, Astrophysics - Earth and Planetary Astrophysics},
         year = 2014,
        month = may,
       volume = {786},
       number = {2},
          eid = {100},
        pages = {100},
          doi = {10.1088/0004-637X/786/2/100},
archivePrefix = {arXiv},
       eprint = {1403.1879},
 primaryClass = {astro-ph.EP},
       adsurl = {https://ui.adsabs.harvard.edu/abs/2014ApJ...786..100C},
      adsnote = {Provided by the SAO/NASA Astrophysics Data System}
}


@ARTICLE{Cutri2014,
       author = {{Cutri}, R.~M. and {Wright}, E.~L. and {Conrow}, T. and {Fowler}, J.~W. and {Eisenhardt}, P.~R.~M. and {Grillmair}, C. and {Kirkpatrick}, J.~D. and {Masci}, F. and {McCallon}, H.~L. and {Wheelock}, S.~L. and {Fajardo-Acosta}, S. and {Yan}, L. and {Benford}, D. and {Harbut}, M. and {Jarrett}, T. and {Lake}, S. and {Leisawitz}, D. and {Ressler}, M.~E. and {Stanford}, S.~A. and {Tsai}, C. -W. and {Liu}, F. and {Helou}, G. and {Mainzer}, A. and {Gettngs}, D. and {Gonzalez}, A. and {Hoffman}, D. and {Marsh}, K.~A. and {Padgett}, D. and {Skrutskie}, M.~F. and {Beck}, R. and {Papin}, M. and {Wittman}, M.},
        title = "{VizieR Online Data Catalog: AllWISE Data Release (Cutri+ 2013)}",
      journal = {VizieR Online Data Catalog},
     keywords = {WISE},
         year = 2021,
        month = feb,
          eid = {II/328},
        pages = {II/328},
       adsurl = {https://ui.adsabs.harvard.edu/abs/2014yCat.2328....0C},
      adsnote = {Provided by the SAO/NASA Astrophysics Data System}
}



@ARTICLE{Skrutskie2006,
       author = {{Skrutskie}, M.~F. and {Cutri}, R.~M. and {Stiening}, R. and {Weinberg}, M.~D. and {Schneider}, S. and {Carpenter}, J.~M. and {Beichman}, C. and {Capps}, R. and {Chester}, T. and {Elias}, J. and {Huchra}, J. and {Liebert}, J. and {Lonsdale}, C. and {Monet}, D.~G. and {Price}, S. and {Seitzer}, P. and {Jarrett}, T. and {Kirkpatrick}, J.~D. and {Gizis}, J.~E. and {Howard}, E. and {Evans}, T. and {Fowler}, J. and {Fullmer}, L. and {Hurt}, R. and {Light}, R. and {Kopan}, E.~L. and {Marsh}, K.~A. and {McCallon}, H.~L. and {Tam}, R. and {Van Dyk}, S. and {Wheelock}, S.},
        title = "{The Two Micron All Sky Survey (2MASS)}",
      journal = {\aj},
     keywords = {Catalogs, Infrared: General, Surveys},
         year = 2006,
        month = feb,
       volume = {131},
       number = {2},
        pages = {1163-1183},
          doi = {10.1086/498708},
       adsurl = {https://ui.adsabs.harvard.edu/abs/2006AJ....131.1163S},
      adsnote = {Provided by the SAO/NASA Astrophysics Data System}
}


@ARTICLE{Stassun2019,
       author = {{Stassun}, Keivan G. and {Oelkers}, Ryan J. and {Paegert}, Martin and {Torres}, Guillermo and {Pepper}, Joshua and {De Lee}, Nathan and {Collins}, Kevin and {Latham}, David W. and {Muirhead}, Philip S. and {Chittidi}, Jay and {Rojas-Ayala}, B{\'a}rbara and {Fleming}, Scott W. and {Rose}, Mark E. and {Tenenbaum}, Peter and {Ting}, Eric B. and {Kane}, Stephen R. and {Barclay}, Thomas and {Bean}, Jacob L. and {Brassuer}, C.~E. and {Charbonneau}, David and {Ge}, Jian and {Lissauer}, Jack J. and {Mann}, Andrew W. and {McLean}, Brian and {Mullally}, Susan and {Narita}, Norio and {Plavchan}, Peter and {Ricker}, George R. and {Sasselov}, Dimitar and {Seager}, S. and {Sharma}, Sanjib and {Shiao}, Bernie and {Sozzetti}, Alessandro and {Stello}, Dennis and {Vanderspek}, Roland and {Wallace}, Geoff and {Winn}, Joshua N.},
        title = "{The Revised TESS Input Catalog and Candidate Target List}",
      journal = {\aj},
     keywords = {stars: fundamental parameters, Astrophysics - Solar and Stellar Astrophysics, Astrophysics - Earth and Planetary Astrophysics},
         year = 2019,
        month = oct,
       volume = {158},
       number = {4},
          eid = {138},
        pages = {138},
          doi = {10.3847/1538-3881/ab3467},
archivePrefix = {arXiv},
       eprint = {1905.10694},
 primaryClass = {astro-ph.SR},
       adsurl = {https://ui.adsabs.harvard.edu/abs/2019AJ....158..138S},
      adsnote = {Provided by the SAO/NASA Astrophysics Data System}
}


@article{Dahm2015,
	title = {Reexamining the {Lithium} {Depletion} {Boundary} in the {Pleiades} and the {Inferred} {Age} of the {Cluster}},
	volume = {813},
	issn = {0004-637X},
	url = {https://ui.adsabs.harvard.edu/abs/2015ApJ...813..108D},
	doi = {10.1088/0004-637X/813/2/108},
	abstract = {Moderate-dispersion (R ∼ 5400), optical spectroscopy of seven brown dwarf candidate members of the Pleiades was obtained using the Echellette Spectrograph and Imager on the Keck II telescope. The proper motion and photometrically selected sample lies on the single-star main sequence of the cluster and effectively brackets the established lithium depletion boundary. The brown dwarf candidates range in spectral type from M6 to M7, implying effective temperatures between ∼2800 and 2650 K. All sources exhibit Hα emission, consistent with enhanced chromospheric activity that is expected for young, very low-mass stars and brown dwarfs. Li i λ6708 absorption is confidently detected in the photospheres of two of the seven sources. A revised lithium depletion boundary is established in the near-infrared where the effects of extinction and variability are minimized. This lithium depletion edge occurs near Ko = 14.45 or MK = 8.78 mag (UKIRT Infrared Deep Sky Survey), assuming the most accurate and precise distance estimate for the cluster of 136.2 pc. From recent theoretical evolutionary models, a revised age of τ = 112 ± 5 Myr is determined for the Pleiades. Accounting for the effects of magnetic activity on the photospheres of these very low-mass stars and brown dwarfs, however, would imply an even younger age for the cluster of ∼100 Myr.},
	urldate = {2021-08-12},
	journal = {\apj},
	author = {Dahm, S. E.},
	month = nov,
	year = {2015},
	keywords = {stars: low-mass, open clusters and associations: individual: M45},
	pages = {108},
}


@ARTICLE{GaiaCollaboration2018,
       author = {{Gaia Collaboration} and {Brown}, A.~G.~A. and {Vallenari}, A. and {Prusti}, T. and {de Bruijne}, J.~H.~J. and {Babusiaux}, C. and {Bailer-Jones}, C.~A.~L. and {Biermann}, M. and {Evans}, D.~W. and {Eyer}, L. and {Jansen}, F. and {Jordi}, C. and {Klioner}, S.~A. and {Lammers}, U. and {Lindegren}, L. and {Luri}, X. and {Mignard}, F. and {Panem}, C. and {Pourbaix}, D. and {Randich}, S. and {Sartoretti}, P. and {Siddiqui}, H.~I. and {Soubiran}, C. and {van Leeuwen}, F. and {Walton}, N.~A. and {Arenou}, F. and {Bastian}, U. and {Cropper}, M. and {Drimmel}, R. and {Katz}, D. and {Lattanzi}, M.~G. and {Bakker}, J. and {Cacciari}, C. and {Casta{\~n}eda}, J. and {Chaoul}, L. and {Cheek}, N. and {De Angeli}, F. and {Fabricius}, C. and {Guerra}, R. and {Holl}, B. and {Masana}, E. and {Messineo}, R. and {Mowlavi}, N. and {Nienartowicz}, K. and {Panuzzo}, P. and {Portell}, J. and {Riello}, M. and {Seabroke}, G.~M. and {Tanga}, P. and {Th{\'e}venin}, F. and {Gracia-Abril}, G. and {Comoretto}, G. and {Garcia-Reinaldos}, M. and {Teyssier}, D. and {Altmann}, M. and {Andrae}, R. and {Audard}, M. and {Bellas-Velidis}, I. and {Benson}, K. and {Berthier}, J. and {Blomme}, R. and {Burgess}, P. and {Busso}, G. and {Carry}, B. and {Cellino}, A. and {Clementini}, G. and {Clotet}, M. and {Creevey}, O. and {Davidson}, M. and {De Ridder}, J. and {Delchambre}, L. and {Dell'Oro}, A. and {Ducourant}, C. and {Fern{\'a}ndez-Hern{\'a}ndez}, J. and {Fouesneau}, M. and {Fr{\'e}mat}, Y. and {Galluccio}, L. and {Garc{\'\i}a-Torres}, M. and {Gonz{\'a}lez-N{\'u}{\~n}ez}, J. and {Gonz{\'a}lez-Vidal}, J.~J. and {Gosset}, E. and {Guy}, L.~P. and {Halbwachs}, J. -L. and {Hambly}, N.~C. and {Harrison}, D.~L. and {Hern{\'a}ndez}, J. and {Hestroffer}, D. and {Hodgkin}, S.~T. and {Hutton}, A. and {Jasniewicz}, G. and {Jean-Antoine-Piccolo}, A. and {Jordan}, S. and {Korn}, A.~J. and {Krone-Martins}, A. and {Lanzafame}, A.~C. and {Lebzelter}, T. and {L{\"o}ffler}, W. and {Manteiga}, M. and {Marrese}, P.~M. and {Mart{\'\i}n-Fleitas}, J.~M. and {Moitinho}, A. and {Mora}, A. and {Muinonen}, K. and {Osinde}, J. and {Pancino}, E. and {Pauwels}, T. and {Petit}, J. -M. and {Recio-Blanco}, A. and {Richards}, P.~J. and {Rimoldini}, L. and {Robin}, A.~C. and {Sarro}, L.~M. and {Siopis}, C. and {Smith}, M. and {Sozzetti}, A. and {S{\"u}veges}, M. and {Torra}, J. and {van Reeven}, W. and {Abbas}, U. and {Abreu Aramburu}, A. and {Accart}, S. and {Aerts}, C. and {Altavilla}, G. and {{\'A}lvarez}, M.~A. and {Alvarez}, R. and {Alves}, J. and {Anderson}, R.~I. and {Andrei}, A.~H. and {Anglada Varela}, E. and {Antiche}, E. and {Antoja}, T. and {Arcay}, B. and {Astraatmadja}, T.~L. and {Bach}, N. and {Baker}, S.~G. and {Balaguer-N{\'u}{\~n}ez}, L. and {Balm}, P. and {Barache}, C. and {Barata}, C. and {Barbato}, D. and {Barblan}, F. and {Barklem}, P.~S. and {Barrado}, D. and {Barros}, M. and {Barstow}, M.~A. and {Bartholom{\'e} Mu{\~n}oz}, S. and {Bassilana}, J. -L. and {Becciani}, U. and {Bellazzini}, M. and {Berihuete}, A. and {Bertone}, S. and {Bianchi}, L. and {Bienaym{\'e}}, O. and {Blanco-Cuaresma}, S. and {Boch}, T. and {Boeche}, C. and {Bombrun}, A. and {Borrachero}, R. and {Bossini}, D. and {Bouquillon}, S. and {Bourda}, G. and {Bragaglia}, A. and {Bramante}, L. and {Breddels}, M.~A. and {Bressan}, A. and {Brouillet}, N. and {Br{\"u}semeister}, T. and {Brugaletta}, E. and {Bucciarelli}, B. and {Burlacu}, A. and {Busonero}, D. and {Butkevich}, A.~G. and {Buzzi}, R. and {Caffau}, E. and {Cancelliere}, R. and {Cannizzaro}, G. and {Cantat-Gaudin}, T. and {Carballo}, R. and {Carlucci}, T. and {Carrasco}, J.~M. and {Casamiquela}, L. and {Castellani}, M. and {Castro-Ginard}, A. and {Charlot}, P. and {Chemin}, L. and {Chiavassa}, A. and {Cocozza}, G. and {Costigan}, G. and {Cowell}, S. and {Crifo}, F. and {Crosta}, M. and {Crowley}, C. and {Cuypers}, J. and {Dafonte}, C. and {Damerdji}, Y. and {Dapergolas}, A. and {David}, P. and {David}, M. and {de Laverny}, P. and {De Luise}, F.},
        title = "{Gaia Data Release 2. Summary of the contents and survey properties}",
      journal = {\aap},
     keywords = {catalogs, astrometry, techniques: radial velocities, stars: fundamental parameters, stars: variables: general, minor planets, asteroids: general, Astrophysics - Astrophysics of Galaxies, Astrophysics - Instrumentation and Methods for Astrophysics},
         year = 2018,
        month = aug,
       volume = {616},
          eid = {A1},
        pages = {A1},
          doi = {10.1051/0004-6361/201833051},
archivePrefix = {arXiv},
       eprint = {1804.09365},
 primaryClass = {astro-ph.GA},
       adsurl = {https://ui.adsabs.harvard.edu/abs/2018A&A...616A...1G},
      adsnote = {Provided by the SAO/NASA Astrophysics Data System}
}


@ARTICLE{Pecaut2016,
       author = {{Pecaut}, Mark J. and {Mamajek}, Eric E.},
        title = "{The star formation history and accretion-disc fraction among the K-type members of the Scorpius-Centaurus OB association}",
      journal = {\mnras},
     keywords = {circumstellar matter, stars: pre-main-sequence, open clusters and associations: individual: Scorpius-Centaurus, Sco OB2, Upper Scorpius, Upper Centaurus-Lupus, Lower Centaurus-Crux, Astrophysics - Solar and Stellar Astrophysics, Astrophysics - Earth and Planetary Astrophysics},
         year = 2016,
        month = sep,
       volume = {461},
       number = {1},
        pages = {794-815},
          doi = {10.1093/mnras/stw1300},
archivePrefix = {arXiv},
       eprint = {1605.08789},
 primaryClass = {astro-ph.SR},
       adsurl = {https://ui.adsabs.harvard.edu/abs/2016MNRAS.461..794P},
      adsnote = {Provided by the SAO/NASA Astrophysics Data System}
}



@ARTICLE{Hunt2024,
       author = {{Hunt}, Emily L. and {Reffert}, Sabine},
        title = "{Improving the open cluster census. III. Using cluster masses, radii, and dynamics to create a cleaned open cluster catalogue}",
      journal = {\aap},
     keywords = {methods: data analysis, catalogs, astrometry, open clusters and associations: general, Astrophysics - Astrophysics of Galaxies, Astrophysics - Solar and Stellar Astrophysics},
         year = 2024,
        month = jun,
       volume = {686},
          eid = {A42},
        pages = {A42},
          doi = {10.1051/0004-6361/202348662},
archivePrefix = {arXiv},
       eprint = {2403.05143},
 primaryClass = {astro-ph.GA},
       adsurl = {https://ui.adsabs.harvard.edu/abs/2024A&A...686A..42H},
      adsnote = {Provided by the SAO/NASA Astrophysics Data System}
}


@ARTICLE{Ratzenbock2023,
       author = {{Ratzenb{\"o}ck}, Sebastian and {Gro{\ss}schedl}, Josefa E. and {M{\"o}ller}, Torsten and {Alves}, Jo{\~a}o and {Bomze}, Immanuel and {Meingast}, Stefan},
        title = "{Significance mode analysis (SigMA) for hierarchical structures. An application to the Sco-Cen OB association}",
      journal = {\aap},
     keywords = {methods: data analysis, open clusters and associations: individual: Sco-Cen, solar neighborhood, ISM: clouds, Astrophysics - Astrophysics of Galaxies},
         year = 2023,
        month = sep,
       volume = {677},
          eid = {A59},
        pages = {A59},
          doi = {10.1051/0004-6361/202243690},
archivePrefix = {arXiv},
       eprint = {2211.14225},
 primaryClass = {astro-ph.GA},
       adsurl = {https://ui.adsabs.harvard.edu/abs/2023A&A...677A..59R},
      adsnote = {Provided by the SAO/NASA Astrophysics Data System}
}


@ARTICLE{Feiden2016,
       author = {{Feiden}, Gregory A.},
        title = "{Magnetic inhibition of convection and the fundamental properties of low-mass stars. III. A consistent 10 Myr age for the Upper Scorpius OB association}",
      journal = {\aap},
     keywords = {binaries: eclipsing, stars: evolution, stars: low-mass, stars: magnetic field, stars: pre-main sequence, open clusters and associations: individual: Upper Scorpius, Astrophysics - Solar and Stellar Astrophysics},
         year = 2016,
        month = sep,
       volume = {593},
          eid = {A99},
        pages = {A99},
          doi = {10.1051/0004-6361/201527613},
archivePrefix = {arXiv},
       eprint = {1604.08036},
 primaryClass = {astro-ph.SR},
       adsurl = {https://ui.adsabs.harvard.edu/abs/2016A&A...593A..99F},
      adsnote = {Provided by the SAO/NASA Astrophysics Data System}
}



@ARTICLE{Jeffries2023,
       author = {{Jeffries}, R.~D. and {Jackson}, R.~J. and {Wright}, Nicholas J. and {Weaver}, G. and {Gilmore}, G. and {Randich}, S. and {Bragaglia}, A. and {Korn}, A.~J. and {Smiljanic}, R. and {Biazzo}, K. and {Casey}, A.~R. and {Frasca}, A. and {Gonneau}, A. and {Guiglion}, G. and {Morbidelli}, L. and {Prisinzano}, L. and {Sacco}, G.~G. and {Tautvai{\v{s}}ien{\.{e}}}, G. and {Worley}, C.~C. and {Zaggia}, S.},
        title = "{The Gaia-ESO Survey: empirical estimates of stellar ages from lithium equivalent widths (EAGLES)}",
      journal = {\mnras},
     keywords = {stars: abundances, stars: evolution, stars: fundamental parameters, stars: pre-main-sequence, open clusters and associations: general, Astrophysics - Solar and Stellar Astrophysics, Astrophysics - Earth and Planetary Astrophysics, Astrophysics - Astrophysics of Galaxies},
         year = 2023,
        month = jul,
       volume = {523},
       number = {1},
        pages = {802-824},
          doi = {10.1093/mnras/stad1293},
archivePrefix = {arXiv},
       eprint = {2304.12197},
 primaryClass = {astro-ph.SR},
       adsurl = {https://ui.adsabs.harvard.edu/abs/2023MNRAS.523..802J},
      adsnote = {Provided by the SAO/NASA Astrophysics Data System}
}


@ARTICLE{Wood2023,
       author = {{Wood}, Mackenna L. and {Mann}, Andrew W. and {Barber}, Madyson G. and {Bush}, Jonathan L. and {Kraus}, Adam L. and {Tofflemire}, Benjamin M. and {Vanderburg}, Andrew and {Newton}, Elisabeth R. and {Feiden}, Gregory A. and {Zhou}, George and {Bouma}, Luke G. and {Quinn}, Samuel N. and {Armstrong}, David J. and {Osborn}, Ares and {Adibekyan}, Vardan and {Mena}, Elisa Delgado and {Sousa}, Sergio G. and {Gagn{\'e}}, Jonathan and {Fields}, Matthew J. and {Milburn}, Reilly P. and {Thao}, Pa Chia and {Schmidt}, Stephen P. and {Gnilka}, Crystal L. and {Howell}, Steve B. and {Law}, Nicholas M. and {Ziegler}, Carl and {Brice{\~n}o}, C{\'e}sar and {Ricker}, George R. and {Vanderspek}, Roland and {Latham}, David W. and {Seager}, Sara and {Winn}, Joshua N. and {Jenkins}, Jon M. and {Schlieder}, Joshua E. and {Osborn}, Hugh P. and {Twicken}, Joseph D. and {Ciardi}, David R. and {Huang}, Chelsea X.},
        title = "{TESS Hunt for Young and Maturing Exoplanets (THYME). IX. A 27 Myr Extended Population of Lower Centaurus Crux with a Transiting Two-planet System}",
      journal = {\aj},
     keywords = {Stellar ages, Transit photometry, Exoplanets, Stellar associations, Stellar kinematics, 1581, 1709, 498, 1582, 1608, Astrophysics - Solar and Stellar Astrophysics, Astrophysics - Earth and Planetary Astrophysics},
         year = 2023,
        month = mar,
       volume = {165},
       number = {3},
          eid = {85},
        pages = {85},
          doi = {10.3847/1538-3881/aca8fc},
archivePrefix = {arXiv},
       eprint = {2212.03266},
 primaryClass = {astro-ph.SR},
       adsurl = {https://ui.adsabs.harvard.edu/abs/2023AJ....165...85W},
      adsnote = {Provided by the SAO/NASA Astrophysics Data System}
}


@ARTICLE{Burke2004,
       author = {{Burke}, Christopher J. and {Pinsonneault}, Marc H. and {Sills}, Alison},
        title = "{Theoretical Examination of the Lithium Depletion Boundary}",
      journal = {\apj},
     keywords = {Galaxy: Open Clusters and Associations: General, Stars: Low-Mass, Brown Dwarfs, Stars: Pre-Main-Sequence, Stars: Rotation, Astrophysics},
         year = 2004,
        month = mar,
       volume = {604},
       number = {1},
        pages = {272-283},
          doi = {10.1086/381242},
archivePrefix = {arXiv},
       eprint = {astro-ph/0309461},
 primaryClass = {astro-ph},
       adsurl = {https://ui.adsabs.harvard.edu/abs/2004ApJ...604..272B},
      adsnote = {Provided by the SAO/NASA Astrophysics Data System}
}


@ARTICLE{Bildsten1997,
       author = {{Bildsten}, Lars and {Brown}, Edward F. and {Matzner}, Christopher D. and {Ushomirsky}, Greg},
        title = "{Lithium Depletion in Fully Convective Pre-Main-Sequence Stars}",
      journal = {\apj},
     keywords = {Nuclear Reactions, Nucleosynthesis, Abundances, Stars: Evolution, Stars: Interiors, Stars: Pre-Main-Sequence, Astrophysics},
         year = 1997,
        month = jun,
       volume = {482},
       number = {1},
        pages = {442-447},
          doi = {10.1086/304151},
archivePrefix = {arXiv},
       eprint = {astro-ph/9612155},
 primaryClass = {astro-ph},
       adsurl = {https://ui.adsabs.harvard.edu/abs/1997ApJ...482..442B},
      adsnote = {Provided by the SAO/NASA Astrophysics Data System}
}


@ARTICLE{Hayashi1963,
       author = {{Hayashi}, C. and {Nakano}, T.},
        title = "{Evolution of Stars of Small Masses in the Pre-Main-Sequence Stages}",
      journal = {Progress of Theoretical Physics},
         year = 1963,
        month = oct,
       volume = {30},
       number = {4},
        pages = {460-474},
          doi = {10.1143/PTP.30.460},
       adsurl = {https://ui.adsabs.harvard.edu/abs/1963PThPh..30..460H},
      adsnote = {Provided by the SAO/NASA Astrophysics Data System}
}


@ARTICLE{Ricker2015,
       author = {{Ricker}, George R. and {Winn}, Joshua N. and {Vanderspek}, Roland and {Latham}, David W. and {Bakos}, G{\'a}sp{\'a}r {\'A}. and {Bean}, Jacob L. and {Berta-Thompson}, Zachory K. and {Brown}, Timothy M. and {Buchhave}, Lars and {Butler}, Nathaniel R. and {Butler}, R. Paul and {Chaplin}, William J. and {Charbonneau}, David and {Christensen-Dalsgaard}, J{\o}rgen and {Clampin}, Mark and {Deming}, Drake and {Doty}, John and {De Lee}, Nathan and {Dressing}, Courtney and {Dunham}, Edward W. and {Endl}, Michael and {Fressin}, Francois and {Ge}, Jian and {Henning}, Thomas and {Holman}, Matthew J. and {Howard}, Andrew W. and {Ida}, Shigeru and {Jenkins}, Jon M. and {Jernigan}, Garrett and {Johnson}, John Asher and {Kaltenegger}, Lisa and {Kawai}, Nobuyuki and {Kjeldsen}, Hans and {Laughlin}, Gregory and {Levine}, Alan M. and {Lin}, Douglas and {Lissauer}, Jack J. and {MacQueen}, Phillip and {Marcy}, Geoffrey and {McCullough}, Peter R. and {Morton}, Timothy D. and {Narita}, Norio and {Paegert}, Martin and {Palle}, Enric and {Pepe}, Francesco and {Pepper}, Joshua and {Quirrenbach}, Andreas and {Rinehart}, Stephen A. and {Sasselov}, Dimitar and {Sato}, Bun'ei and {Seager}, Sara and {Sozzetti}, Alessandro and {Stassun}, Keivan G. and {Sullivan}, Peter and {Szentgyorgyi}, Andrew and {Torres}, Guillermo and {Udry}, Stephane and {Villasenor}, Joel},
        title = "{Transiting Exoplanet Survey Satellite (TESS)}",
      journal = {Journal of Astronomical Telescopes, Instruments, and Systems},
         year = 2015,
        month = jan,
       volume = {1},
          eid = {014003},
        pages = {014003},
          doi = {10.1117/1.JATIS.1.1.014003},
       adsurl = {https://ui.adsabs.harvard.edu/abs/2015JATIS...1a4003R},
      adsnote = {Provided by the SAO/NASA Astrophysics Data System}
}


@ARTICLE{Pecaut2013,
       author = {{Pecaut}, Mark J. and {Mamajek}, Eric E.},
        title = "{Intrinsic Colors, Temperatures, and Bolometric Corrections of Pre-main-sequence Stars}",
      journal = {\apjs},
     keywords = {open clusters and associations: individual: {\ensuremath{\eta}} Cha cluster TW Hydra Association {\ensuremath{\beta}} Pic Moving Group Tucana-Horologium Association, stars: fundamental parameters, stars: pre-main sequence, Astrophysics - Solar and Stellar Astrophysics},
         year = 2013,
        month = sep,
       volume = {208},
       number = {1},
          eid = {9},
        pages = {9},
          doi = {10.1088/0067-0049/208/1/9},
archivePrefix = {arXiv},
       eprint = {1307.2657},
 primaryClass = {astro-ph.SR},
       adsurl = {https://ui.adsabs.harvard.edu/abs/2013ApJS..208....9P},
      adsnote = {Provided by the SAO/NASA Astrophysics Data System}
}



@ARTICLE{Bochanski2007,
       author = {{Bochanski}, John J. and {West}, Andrew A. and {Hawley}, Suzanne L. and {Covey}, Kevin R.},
        title = "{Low-Mass Dwarf Template Spectra from the Sloan Digital Sky Survey}",
      journal = {\aj},
     keywords = {stars: activity, stars: fundamental parameters, stars: late-type, stars: low-mass, brown dwarfs, Astrophysics},
         year = 2007,
        month = feb,
       volume = {133},
       number = {2},
        pages = {531-544},
          doi = {10.1086/510240},
archivePrefix = {arXiv},
       eprint = {astro-ph/0610639},
 primaryClass = {astro-ph},
       adsurl = {https://ui.adsabs.harvard.edu/abs/2007AJ....133..531B},
      adsnote = {Provided by the SAO/NASA Astrophysics Data System}
}


@ARTICLE{GaiaDR3,
       author = {{Gaia Collaboration} and {Vallenari}, A. and {Brown}, A.~G.~A. and {Prusti}, T. and {de Bruijne}, J.~H.~J. and {Arenou}, F. and {Babusiaux}, C. and {Biermann}, M. and {Creevey}, O.~L. and {Ducourant}, C. and {Evans}, D.~W. and {Eyer}, L. and {Guerra}, R. and {Hutton}, A. and {Jordi}, C. and {Klioner}, S.~A. and {Lammers}, U.~L. and {Lindegren}, L. and {Luri}, X. and {Mignard}, F. and {Panem}, C. and {Pourbaix}, D. and {Randich}, S. and {Sartoretti}, P. and {Soubiran}, C. and {Tanga}, P. and {Walton}, N.~A. and {Bailer-Jones}, C.~A.~L. and {Bastian}, U. and {Drimmel}, R. and {Jansen}, F. and {Katz}, D. and {Lattanzi}, M.~G. and {van Leeuwen}, F. and {Bakker}, J. and {Cacciari}, C. and {Casta{\~n}eda}, J. and {De Angeli}, F. and {Fabricius}, C. and {Fouesneau}, M. and {Fr{\'e}mat}, Y. and {Galluccio}, L. and {Guerrier}, A. and {Heiter}, U. and {Masana}, E. and {Messineo}, R. and {Mowlavi}, N. and {Nicolas}, C. and {Nienartowicz}, K. and {Pailler}, F. and {Panuzzo}, P. and {Riclet}, F. and {Roux}, W. and {Seabroke}, G.~M. and {Sordo}, R. and {Th{\'e}venin}, F. and {Gracia-Abril}, G. and {Portell}, J. and {Teyssier}, D. and {Altmann}, M. and {Andrae}, R. and {Audard}, M. and {Bellas-Velidis}, I. and {Benson}, K. and {Berthier}, J. and {Blomme}, R. and {Burgess}, P.~W. and {Busonero}, D. and {Busso}, G. and {C{\'a}novas}, H. and {Carry}, B. and {Cellino}, A. and {Cheek}, N. and {Clementini}, G. and {Damerdji}, Y. and {Davidson}, M. and {de Teodoro}, P. and {Nu{\~n}ez Campos}, M. and {Delchambre}, L. and {Dell'Oro}, A. and {Esquej}, P. and {Fern{\'a}ndez-Hern{\'a}ndez}, J. and {Fraile}, E. and {Garabato}, D. and {Garc{\'\i}a-Lario}, P. and {Gosset}, E. and {Haigron}, R. and {Halbwachs}, J. -L. and {Hambly}, N.~C. and {Harrison}, D.~L. and {Hern{\'a}ndez}, J. and {Hestroffer}, D. and {Hodgkin}, S.~T. and {Holl}, B. and {Jan{\ss}en}, K. and {Jevardat de Fombelle}, G. and {Jordan}, S. and {Krone-Martins}, A. and {Lanzafame}, A.~C. and {L{\"o}ffler}, W. and {Marchal}, O. and {Marrese}, P.~M. and {Moitinho}, A. and {Muinonen}, K. and {Osborne}, P. and {Pancino}, E. and {Pauwels}, T. and {Recio-Blanco}, A. and {Reyl{\'e}}, C. and {Riello}, M. and {Rimoldini}, L. and {Roegiers}, T. and {Rybizki}, J. and {Sarro}, L.~M. and {Siopis}, C. and {Smith}, M. and {Sozzetti}, A. and {Utrilla}, E. and {van Leeuwen}, M. and {Abbas}, U. and {{\'A}brah{\'a}m}, P. and {Abreu Aramburu}, A. and {Aerts}, C. and {Aguado}, J.~J. and {Ajaj}, M. and {Aldea-Montero}, F. and {Altavilla}, G. and {{\'A}lvarez}, M.~A. and {Alves}, J. and {Anders}, F. and {Anderson}, R.~I. and {Anglada Varela}, E. and {Antoja}, T. and {Baines}, D. and {Baker}, S.~G. and {Balaguer-N{\'u}{\~n}ez}, L. and {Balbinot}, E. and {Balog}, Z. and {Barache}, C. and {Barbato}, D. and {Barros}, M. and {Barstow}, M.~A. and {Bartolom{\'e}}, S. and {Bassilana}, J. -L. and {Bauchet}, N. and {Becciani}, U. and {Bellazzini}, M. and {Berihuete}, A. and {Bernet}, M. and {Bertone}, S. and {Bianchi}, L. and {Binnenfeld}, A. and {Blanco-Cuaresma}, S. and {Blazere}, A. and {Boch}, T. and {Bombrun}, A. and {Bossini}, D. and {Bouquillon}, S. and {Bragaglia}, A. and {Bramante}, L. and {Breedt}, E. and {Bressan}, A. and {Brouillet}, N. and {Brugaletta}, E. and {Bucciarelli}, B. and {Burlacu}, A. and {Butkevich}, A.~G. and {Buzzi}, R. and {Caffau}, E. and {Cancelliere}, R. and {Cantat-Gaudin}, T. and {Carballo}, R. and {Carlucci}, T. and {Carnerero}, M.~I. and {Carrasco}, J.~M. and {Casamiquela}, L. and {Castellani}, M. and {Castro-Ginard}, A. and {Chaoul}, L. and {Charlot}, P. and {Chemin}, L. and {Chiaramida}, V. and {Chiavassa}, A. and {Chornay}, N. and {Comoretto}, G. and {Contursi}, G. and {Cooper}, W.~J. and {Cornez}, T. and {Cowell}, S. and {Crifo}, F. and {Cropper}, M. and {Crosta}, M. and {Crowley}, C. and {Dafonte}, C. and {Dapergolas}, A. and {David}, M. and {David}, P. and {de Laverny}, P. and {De Luise}, F. and {De March}, R.},
        title = "{Gaia Data Release 3. Summary of the content and survey properties}",
      journal = {\aap},
     keywords = {techniques: photometric, techniques: spectroscopic, techniques: radial velocities, catalogs, astrometry, parallaxes, Astrophysics - Astrophysics of Galaxies},
         year = 2023,
        month = jun,
       volume = {674},
          eid = {A1},
        pages = {A1},
          doi = {10.1051/0004-6361/202243940},
archivePrefix = {arXiv},
       eprint = {2208.00211},
 primaryClass = {astro-ph.GA},
       adsurl = {https://ui.adsabs.harvard.edu/abs/2023A&A...674A...1G},
      adsnote = {Provided by the SAO/NASA Astrophysics Data System}
}


@ARTICLE{Chen2014,
       author = {{Chen}, Yang and {Girardi}, L{\'e}o and {Bressan}, Alessandro and {Marigo}, Paola and {Barbieri}, Mauro and {Kong}, Xu},
        title = "{Improving PARSEC models for very low mass stars}",
      journal = {\mnras},
     keywords = {stars: evolution, Hertzsprung-Russell and colour-magnitude diagrams, stars: low-mass, Astrophysics - Solar and Stellar Astrophysics},
         year = 2014,
        month = nov,
       volume = {444},
       number = {3},
        pages = {2525-2543},
          doi = {10.1093/mnras/stu1605},
archivePrefix = {arXiv},
       eprint = {1409.0322},
 primaryClass = {astro-ph.SR},
       adsurl = {https://ui.adsabs.harvard.edu/abs/2014MNRAS.444.2525C},
      adsnote = {Provided by the SAO/NASA Astrophysics Data System}
}


@BOOK{Gray2008,
       author = {{Gray}, David F.},
        title = "{The Observation and Analysis of Stellar Photospheres}",
         year = 2008,
       adsurl = {https://ui.adsabs.harvard.edu/abs/2008oasp.book.....G},
      adsnote = {Provided by the SAO/NASA Astrophysics Data System}
}



@ARTICLE{Bagenal1981,
       author = {{Bagenal}, F. and {Sullivan}, J.~D.},
        title = "{Direct plasma measurements in the Io torus and inner magnetosphere of Jupiter}",
      journal = {\jgr},
     keywords = {Io, Jupiter Atmosphere, Planetary Magnetospheres, Plasma Diagnostics, Energy Spectra, Lines Of Force, Planetary Magnetic Fields, Positive Ions, Toroidal Plasmas, Two Dimensional Models, Voyager Project, JUPITER, MAGNETOSPHERE, SATELLITES, IO, PLASMA TORUS, MODELS, DATA, VOYAGER 1, TEMPERATURES, GRADIENTS, IONS, THICKNESS, DENSITY, MOTION, VELOCITY, COROTATION, BOUNDARY LAYERS, ENERGY, SPECTRUM, ABUNDANCE, PLASMA SHEETS, CHARGED PARTICLES, OXYGEN, SULFUR, MAPS, OBSERVATIONS, EQUIPMENT, PLASMAS, COMPOSITION, DAYSIDE, RADIAL DISTANCE, STRUCTURE, DISTRIBUTION, MAGNETIC FIELDS, GEOMETRY, ALFVEN SPEED},
         year = 1981,
        month = sep,
       volume = {86},
       number = {A10},
        pages = {8447-8466},
          doi = {10.1029/JA086iA10p08447},
       adsurl = {https://ui.adsabs.harvard.edu/abs/1981JGR....86.8447B},
      adsnote = {Provided by the SAO/NASA Astrophysics Data System}
}


@ARTICLE{Ratzenbock2023,
       author = {{Ratzenb{\"o}ck}, Sebastian and {Gro{\ss}schedl}, Josefa E. and {Alves}, Jo{\~a}o and {Miret-Roig}, N{\'u}ria and {Bomze}, Immanuel and {Forbes}, John and {Goodman}, Alyssa and {Hacar}, {\'A}lvaro and {Lin}, Doug and {Meingast}, Stefan and {M{\"o}ller}, Torsten and {Piecka}, Martin and {Posch}, Laura and {Rottensteiner}, Alena and {Swiggum}, Cameren and {Zucker}, Catherine},
        title = "{The star formation history of the Sco-Cen association. Coherent star formation patterns in space and time}",
      journal = {\aap},
     keywords = {Hertzsprung-Russell and C-M diagrams, methods: statistical, astrometry, stars: statistics, stars: evolution, open clusters and associations: individual: Sco-Cen, Astrophysics - Solar and Stellar Astrophysics, Astrophysics - Earth and Planetary Astrophysics, Astrophysics - Astrophysics of Galaxies},
         year = 2023,
        month = oct,
       volume = {678},
          eid = {A71},
        pages = {A71},
          doi = {10.1051/0004-6361/202346901},
archivePrefix = {arXiv},
       eprint = {2302.07853},
 primaryClass = {astro-ph.SR},
       adsurl = {https://ui.adsabs.harvard.edu/abs/2023A&A...678A..71R},
      adsnote = {Provided by the SAO/NASA Astrophysics Data System}
}



@ARTICLE{PecautMamajek2016,
       author = {{Pecaut}, Mark J. and {Mamajek}, Eric E.},
        title = "{The star formation history and accretion-disc fraction among the K-type members of the Scorpius-Centaurus OB association}",
      journal = {\mnras},
     keywords = {circumstellar matter, stars: pre-main-sequence, open clusters and associations: individual: Scorpius-Centaurus, Sco OB2, Upper Scorpius, Upper Centaurus-Lupus, Lower Centaurus-Crux, Astrophysics - Solar and Stellar Astrophysics, Astrophysics - Earth and Planetary Astrophysics},
         year = 2016,
        month = sep,
       volume = {461},
       number = {1},
        pages = {794-815},
          doi = {10.1093/mnras/stw1300},
archivePrefix = {arXiv},
       eprint = {1605.08789},
 primaryClass = {astro-ph.SR},
       adsurl = {https://ui.adsabs.harvard.edu/abs/2016MNRAS.461..794P},
      adsnote = {Provided by the SAO/NASA Astrophysics Data System}
}



@ARTICLE{Gagne2020,
       author = {{Gagn{\'e}}, Jonathan and {David}, Trevor J. and {Mamajek}, Eric E. and {Mann}, Andrew W. and {Faherty}, Jacqueline K. and {B{\'e}dard}, Antoine},
        title = "{The {\ensuremath{\mu}} Tau Association: A 60 Myr Old Coeval Group at 150 pc from the Sun}",
      journal = {\apj},
     keywords = {Astrometry, Stellar associations, Proper motions, Brown dwarfs, Stellar kinematics, Low mass stars, 80, 1582, 1295, 185, 1608, 2050, Astrophysics - Solar and Stellar Astrophysics},
         year = 2020,
        month = nov,
       volume = {903},
       number = {2},
          eid = {96},
        pages = {96},
          doi = {10.3847/1538-4357/abb77e},
archivePrefix = {arXiv},
       eprint = {2008.06139},
 primaryClass = {astro-ph.SR},
       adsurl = {https://ui.adsabs.harvard.edu/abs/2020ApJ...903...96G},
      adsnote = {Provided by the SAO/NASA Astrophysics Data System}
}


@ARTICLE{Bouma2022,
       author = {{Bouma}, L.~G. and {Curtis}, J.~L. and {Masuda}, K. and {Hillenbrand}, L.~A. and {Stefansson}, G. and {Isaacson}, H. and {Narita}, N. and {Fukui}, A. and {Ikoma}, M. and {Tamura}, M. and {Kraus}, A.~L. and {Furlan}, E. and {Gnilka}, C.~L. and {Lester}, K.~V. and {Howell}, S.~B.},
        title = "{A 38 Million Year Old Neptune-sized Planet in the Kepler Field}",
      journal = {\aj},
     keywords = {491, 1160, 1581, Astrophysics - Earth and Planetary Astrophysics, Astrophysics - Astrophysics of Galaxies, Astrophysics - Solar and Stellar Astrophysics},
         year = 2022,
        month = mar,
       volume = {163},
       number = {3},
          eid = {121},
        pages = {121},
          doi = {10.3847/1538-3881/ac4966},
archivePrefix = {arXiv},
       eprint = {2112.14776},
 primaryClass = {astro-ph.EP},
       adsurl = {https://ui.adsabs.harvard.edu/abs/2022AJ....163..121B},
      adsnote = {Provided by the SAO/NASA Astrophysics Data System}
}



@ARTICLE{Winters2019,
       author = {{Winters}, Jennifer G. and {Henry}, Todd J. and {Jao}, Wei-Chun and {Subasavage}, John P. and {Chatelain}, Joseph P. and {Slatten}, Ken and {Riedel}, Adric R. and {Silverstein}, Michele L. and {Payne}, Matthew J.},
        title = "{The Solar Neighborhood. XLV. The Stellar Multiplicity Rate of M Dwarfs Within 25 pc}",
      journal = {\aj},
     keywords = {binaries: general, solar neighborhood, stars: low-mass, stars: statistics, Astrophysics - Solar and Stellar Astrophysics},
         year = 2019,
        month = jun,
       volume = {157},
       number = {6},
          eid = {216},
        pages = {216},
          doi = {10.3847/1538-3881/ab05dc},
archivePrefix = {arXiv},
       eprint = {1901.06364},
 primaryClass = {astro-ph.SR},
       adsurl = {https://ui.adsabs.harvard.edu/abs/2019AJ....157..216W},
      adsnote = {Provided by the SAO/NASA Astrophysics Data System}
}



@ARTICLE{Tokovinin2018,
       author = {{Tokovinin}, Andrei and {Brice{\~n}o}, Cesar},
        title = "{Yes, Multi-periodic Dwarfs in Upper Scorpius Are Binaries}",
      journal = {\aj},
     keywords = {binaries: general, binaries: visual, stars: pre-main sequence, Astrophysics - Solar and Stellar Astrophysics},
         year = 2018,
        month = sep,
       volume = {156},
       number = {3},
          eid = {138},
        pages = {138},
          doi = {10.3847/1538-3881/aad906},
archivePrefix = {arXiv},
       eprint = {1808.02544},
 primaryClass = {astro-ph.SR},
       adsurl = {https://ui.adsabs.harvard.edu/abs/2018AJ....156..138T},
      adsnote = {Provided by the SAO/NASA Astrophysics Data System}
}



@MISC{2021zndo...1011188B,
       author = {{Bhatti}, Waqas and {Bouma}, Luke and {Joshua} and {Mchris42} and {Price-Whelan}, Adrian and {John}},
        title = "{waqasbhatti/astrobase: astrobase v0.5.3}",
 howpublished = {Zenodo},
         year = 2021,
        month = jan,
          eid = {10.5281/zenodo.1011188},
          doi = {10.5281/zenodo.1011188},
      version = {v0.5.3},
    publisher = {Zenodo},
       adsurl = {https://ui.adsabs.harvard.edu/abs/2021zndo...1011188B},
      adsnote = {Provided by the SAO/NASA Astrophysics Data System}
}


@ARTICLE{Stellingwerf1978,
       author = {{Stellingwerf}, R.~F.},
        title = "{Period determination using phase dispersion minimization.}",
      journal = {\apj},
     keywords = {Curve Fitting, Light Curve, Periodic Variations, Statistical Analysis, Variable Stars, Cepheid Variables, Computer Techniques, Data Smoothing, Least Squares Method, Run Time (Computers), Significance, Astronomy, Cepheids:Periods, Period Determination},
         year = 1978,
        month = sep,
       volume = {224},
        pages = {953-960},
          doi = {10.1086/156444},
       adsurl = {https://ui.adsabs.harvard.edu/abs/1978ApJ...224..953S},
      adsnote = {Provided by the SAO/NASA Astrophysics Data System}
}


@ARTICLE{Stauffer2021,
       author = {{Stauffer}, John and {Rebull}, Luisa M. and {Jardine}, Moira and {Collier Cameron}, Andrew and {Cody}, Ann Marie and {Hillenbrand}, Lynne A. and {Barrado}, David and {Kruse}, Ethan and {Powell}, Brian P.},
        title = "{Even More Rapidly Rotating Pre-main-sequence M Dwarfs with Highly Structured Light Curves: An Initial Survey in the Lower Centaurus-Crux and Upper Centaurus-Lupus Associations}",
      journal = {\aj},
     keywords = {Young star clusters, M stars, Stellar rotation, 1833, 985, 1629, Astrophysics - Solar and Stellar Astrophysics},
         year = 2021,
        month = feb,
       volume = {161},
       number = {2},
          eid = {60},
        pages = {60},
          doi = {10.3847/1538-3881/abc7c6},
archivePrefix = {arXiv},
       eprint = {2011.01839},
 primaryClass = {astro-ph.SR},
       adsurl = {https://ui.adsabs.harvard.edu/abs/2021AJ....161...60S},
      adsnote = {Provided by the SAO/NASA Astrophysics Data System}
}



@ARTICLE{Kanodia2018,
       author = {{Kanodia}, Shubham and {Wright}, Jason},
        title = "{Python Leap Second Management and Implementation of Precise Barycentric Correction (barycorrpy)}",
      journal = {Research Notes of the American Astronomical Society},
     keywords = {Astrophysics - Earth and Planetary Astrophysics, Astrophysics - Instrumentation and Methods for Astrophysics},
         year = 2018,
        month = jan,
       volume = {2},
       number = {1},
          eid = {4},
        pages = {4},
          doi = {10.3847/2515-5172/aaa4b7},
archivePrefix = {arXiv},
       eprint = {1801.01634},
 primaryClass = {astro-ph.EP},
       adsurl = {https://ui.adsabs.harvard.edu/abs/2018RNAAS...2....4K},
      adsnote = {Provided by the SAO/NASA Astrophysics Data System}
}


@ARTICLE{Chubak2012,
       author = {{Chubak}, C. and {Marcy}, G. and {Fischer}, D.~A. and {Howard}, A.~W. and {Isaacson}, H. and {Johnson}, J.~A. and {Wright}, J.~T.},
        title = "{Precise Radial Velocities of 2046 Nearby FGKM Stars and 131 Standards}",
      journal = {arXiv e-prints},
     keywords = {Astrophysics - Galaxy Astrophysics, Astrophysics - Instrumentation and Methods for Astrophysics, Astrophysics - Solar and Stellar Astrophysics},
         year = 2012,
        month = jul,
          eid = {arXiv:1207.6212},
        pages = {arXiv:1207.6212},
          doi = {10.48550/arXiv.1207.6212},
archivePrefix = {arXiv},
       eprint = {1207.6212},
 primaryClass = {astro-ph.GA},
       adsurl = {https://ui.adsabs.harvard.edu/abs/2012arXiv1207.6212C},
      adsnote = {Provided by the SAO/NASA Astrophysics Data System}
}


@ARTICLE{Husser2013,
       author = {{Husser}, T. -O. and {Wende-von Berg}, S. and {Dreizler}, S. and {Homeier}, D. and {Reiners}, A. and {Barman}, T. and {Hauschildt}, P.~H.},
        title = "{A new extensive library of PHOENIX stellar atmospheres and synthetic spectra}",
      journal = {\aap},
     keywords = {stars: atmospheres, convection, stars: late-type, Astrophysics - Solar and Stellar Astrophysics},
         year = 2013,
        month = may,
       volume = {553},
          eid = {A6},
        pages = {A6},
          doi = {10.1051/0004-6361/201219058},
archivePrefix = {arXiv},
       eprint = {1303.5632},
 primaryClass = {astro-ph.SR},
       adsurl = {https://ui.adsabs.harvard.edu/abs/2013A&A...553A...6H},
      adsnote = {Provided by the SAO/NASA Astrophysics Data System}
}


@ARTICLE{Green2019,
       author = {{Green}, Gregory M. and {Schlafly}, Edward and {Zucker}, Catherine and {Speagle}, Joshua S. and {Finkbeiner}, Douglas},
        title = "{A 3D Dust Map Based on Gaia, Pan-STARRS 1, and 2MASS}",
      journal = {\apj},
     keywords = {Interstellar reddening, Interstellar dust extinction, Galaxy structure, Galaxy stellar content, Interstellar dust, 853, 837, 622, 621, 836, Astrophysics - Astrophysics of Galaxies},
         year = 2019,
        month = dec,
       volume = {887},
       number = {1},
          eid = {93},
        pages = {93},
          doi = {10.3847/1538-4357/ab5362},
archivePrefix = {arXiv},
       eprint = {1905.02734},
 primaryClass = {astro-ph.GA},
       adsurl = {https://ui.adsabs.harvard.edu/abs/2019ApJ...887...93G},
      adsnote = {Provided by the SAO/NASA Astrophysics Data System}
}

@ARTICLE{Tofflemire2021,
       author = {{Tofflemire}, Benjamin M. and {Rizzuto}, Aaron C. and {Newton}, Elisabeth R. and {Kraus}, Adam L. and {Mann}, Andrew W. and {Vanderburg}, Andrew and {Nelson}, Tyler and {Hawkins}, Keith and {Wood}, Mackenna L. and {Zhou}, George and {Quinn}, Samuel N. and {Howell}, Steve B. and {Collins}, Karen A. and {Schwarz}, Richard P. and {Stassun}, Keivan G. and {Bouma}, Luke G. and {Essack}, Zahra and {Osborn}, Hugh and {Boyd}, Patricia T. and {F{\H{u}}r{\'e}sz}, G{\'a}bor and {Glidden}, Ana and {Twicken}, Joseph D. and {Wohler}, Bill and {McLean}, Brian and {Ricker}, George R. and {Vanderspek}, Roland and {Latham}, David W. and {Seager}, S. and {Winn}, Joshua N. and {Jenkins}, Jon M.},
        title = "{TESS Hunt for Young and Maturing Exoplanets (THYME). V. A Sub-Neptune Transiting a Young Star in a Newly Discovered 250 Myr Association}",
      journal = {\aj},
     keywords = {Exoplanet astronomy, Exoplanets, Mini Neptunes, Stellar astronomy, Wide binary stars, Moving clusters, Stellar ages, Transits, 486, 498, 1063, 1583, 1801, 1076, 1581, 1711, Astrophysics - Earth and Planetary Astrophysics, Astrophysics - Solar and Stellar Astrophysics},
         year = 2021,
        month = apr,
       volume = {161},
       number = {4},
          eid = {171},
        pages = {171},
          doi = {10.3847/1538-3881/abdf53},
archivePrefix = {arXiv},
       eprint = {2102.06066},
 primaryClass = {astro-ph.EP},
       adsurl = {https://ui.adsabs.harvard.edu/abs/2021AJ....161..171T},
      adsnote = {Provided by the SAO/NASA Astrophysics Data System}
}




@ARTICLE{Tanimoto2020,
       author = {{Tanimoto}, Yuta and {Yamashita}, Takuya and {Ui}, Takahiro and {Uchiyama}, Mizuho and {Kawabata}, Miho and {Mori}, Hiroki and {Nakaoka}, Tatsuya and {Abe}, Taisei and {Itoh}, Ryosuke and {Kanda}, Yuka and {Kawaguchi}, Kenji and {Kawahara}, Naoki and {Otsubo}, Ikki and {Shiki}, Kensei and {Takagi}, Kengo and {Takaki}, Katsutoshi and {Akitaya}, Hiroshi and {Yamanaka}, Masayuki and {Kawabata}, Koji S.},
        title = "{Evidence for planetary hypothesis for PTFO 8-8695 b with five-year optical/infrared monitoring observations}",
      journal = {\pasj},
     keywords = {planetary systems, stars: individual (PTFO 8-8695, CVSO 30), techniques: photometric, Astrophysics - Earth and Planetary Astrophysics, Astrophysics - Solar and Stellar Astrophysics},
         year = 2020,
        month = apr,
       volume = {72},
       number = {2},
          eid = {23},
        pages = {23},
          doi = {10.1093/pasj/psz145},
archivePrefix = {arXiv},
       eprint = {2001.00148},
 primaryClass = {astro-ph.EP},
       adsurl = {https://ui.adsabs.harvard.edu/abs/2020PASJ...72...23T},
      adsnote = {Provided by the SAO/NASA Astrophysics Data System}
}



@ARTICLE{Brown2020,
       author = {{Brown}, Benjamin P. and {Oishi}, Jeffrey S. and {Vasil}, Geoffrey M. and {Lecoanet}, Daniel and {Burns}, Keaton J.},
        title = "{Single-hemisphere Dynamos in M-dwarf Stars}",
      journal = {\apjl},
     keywords = {M dwarf stars, Stellar magnetic fields, Magnetohydrodynamical simulations, Astrophysical fluid dynamics, 982, 1610, 1966, 101, Astrophysics - Solar and Stellar Astrophysics, Physics - Fluid Dynamics},
         year = 2020,
        month = oct,
       volume = {902},
       number = {1},
          eid = {L3},
        pages = {L3},
          doi = {10.3847/2041-8213/abb9a4},
archivePrefix = {arXiv},
       eprint = {2008.02362},
 primaryClass = {astro-ph.SR},
       adsurl = {https://ui.adsabs.harvard.edu/abs/2020ApJ...902L...3B},
      adsnote = {Provided by the SAO/NASA Astrophysics Data System}
}



@ARTICLE{Gagne2018,
       author = {{Gagn{\'e}}, Jonathan and {Mamajek}, Eric E. and {Malo}, Lison and {Riedel}, Adric and {Rodriguez}, David and {Lafreni{\`e}re}, David and {Faherty}, Jacqueline K. and {Roy-Loubier}, Olivier and {Pueyo}, Laurent and {Robin}, Annie C. and {Doyon}, Ren{\'e}},
        title = "{BANYAN. XI. The BANYAN {\ensuremath{\Sigma}} Multivariate Bayesian Algorithm to Identify Members of Young Associations with 150 pc}",
      journal = {\apj},
     keywords = {brown dwarfs, methods: data analysis, proper motions, stars: kinematics and dynamics, stars: low-mass, Astrophysics - Solar and Stellar Astrophysics},
         year = 2018,
        month = mar,
       volume = {856},
       number = {1},
          eid = {23},
        pages = {23},
          doi = {10.3847/1538-4357/aaae09},
archivePrefix = {arXiv},
       eprint = {1801.09051},
 primaryClass = {astro-ph.SR},
       adsurl = {https://ui.adsabs.harvard.edu/abs/2018ApJ...856...23G},
      adsnote = {Provided by the SAO/NASA Astrophysics Data System}
}


@ARTICLE{Barber2006,
       author = {{Barber}, R.~J. and {Tennyson}, J. and {Harris}, G.~J. and {Tolchenov}, R.~N.},
        title = "{A high-accuracy computed water line list}",
      journal = {\mnras},
     keywords = {line: identification: molecular data: radiation mechanisms: general: comets: general: stars: low-mass, brown dwarfs: infrared: general, line: identification, molecular data, radiation mechanisms: general, comets: general, stars: low-mass, brown dwarfs, infrared: general, Astrophysics},
         year = 2006,
        month = may,
       volume = {368},
       number = {3},
        pages = {1087-1094},
          doi = {10.1111/j.1365-2966.2006.10184.x},
archivePrefix = {arXiv},
       eprint = {astro-ph/0601236},
 primaryClass = {astro-ph},
       adsurl = {https://ui.adsabs.harvard.edu/abs/2006MNRAS.368.1087B},
      adsnote = {Provided by the SAO/NASA Astrophysics Data System}
}



@ARTICLE{Asplund2009,
       author = {{Asplund}, Martin and {Grevesse}, Nicolas and {Sauval}, A. Jacques and {Scott}, Pat},
        title = "{The Chemical Composition of the Sun}",
      journal = {\araa},
     keywords = {Astrophysics - Solar and Stellar Astrophysics, Astrophysics - Earth and Planetary Astrophysics},
         year = 2009,
        month = sep,
       volume = {47},
       number = {1},
        pages = {481-522},
          doi = {10.1146/annurev.astro.46.060407.145222},
archivePrefix = {arXiv},
       eprint = {0909.0948},
 primaryClass = {astro-ph.SR},
       adsurl = {https://ui.adsabs.harvard.edu/abs/2009ARA&A..47..481A},
      adsnote = {Provided by the SAO/NASA Astrophysics Data System}
}



@article{Allard2012,
    abstract = {Within the next few years, GAIA and several instruments aiming at imag- ing extrasolar planets will see first light. In parallel, low mass planets are being searched around red dwarfs which offer more favourable conditions, both for radial velocity de- tection and transit studies, than solar-type stars. Authors of the model atmosphere code which has allowed the detection of water vapour in the atmosphere of Hot Jupiters re- view recent advancement in modelling the stellar to substellar transition. The revised solar oxygen abundances and cloud model allow for the first time to reproduce the pho- tometric and spectroscopic properties of this transition. Also presented are highlight results of a model atmosphere grid for stars, brown dwarfs and extrasolar planets.},
      author = {Allard, F. and Homeier, D. and Freytag, B.},
         doi = {10.1098/rsta.2011.0269},
        issn = {1364503X},
     journal = {Philosophical Transactions of the Royal Society A: Mathematical, Physical and Engineering Sciences},
    keywords = {Brown dwarfs,CO5BOLD,Opacities,Stars,Very-low-mass stars},
      number = {1968},
       pages = {2765--2777},
       title = {{Models of very-low-mass stars, brown dwarfs and exoplanets}},
      volume = {370},
        year = {2012}
}


@ARTICLE{Vines2022,
       author = {{Vines}, Jose I. and {Jenkins}, James S.},
        title = "{ARIADNE: measuring accurate and precise stellar parameters through SED fitting}",
      journal = {\mnras},
     keywords = {methods: data analysis, stars: atmospheres, stars: fundamental parameters; software: data analysis; software: public release, Astrophysics - Solar and Stellar Astrophysics, Astrophysics - Earth and Planetary Astrophysics, Astrophysics - Instrumentation and Methods for Astrophysics},
         year = 2022,
        month = jun,
       volume = {513},
       number = {2},
        pages = {2719-2731},
          doi = {10.1093/mnras/stac956},
archivePrefix = {arXiv},
       eprint = {2204.03769},
 primaryClass = {astro-ph.SR},
       adsurl = {https://ui.adsabs.harvard.edu/abs/2022MNRAS.513.2719V},
      adsnote = {Provided by the SAO/NASA Astrophysics Data System}
}


@BOOK{VialEngvold2015,
       author = {{Vial}, Jean-Claude and {Engvold}, Oddbjorn},
        title = "{Solar Prominences}",
     keywords = {Physics},
    booktitle = {Solar Prominences},
         year = 2015,
       series = {Astrophysics and Space Science Library},
       volume = {415},
        month = jan,
          doi = {10.1007/978-3-319-10416-4},
       adsurl = {https://ui.adsabs.harvard.edu/abs/2015ASSL..415.....V},
      adsnote = {Provided by the SAO/NASA Astrophysics Data System}
}


@ARTICLE{Shultz2018,
       author = {{Shultz}, M.~E. and {Wade}, G.~A. and {Rivinius}, Th and {Neiner}, C. and {Alecian}, E. and {Bohlender}, D. and {Monin}, D. and {Sikora}, J. and {MiMeS Collaboration} and {BinaMIcS Collaboration}},
        title = "{The magnetic early B-type stars I: magnetometry and rotation}",
      journal = {\mnras},
     keywords = {magnetic fields, stars: chemically peculiar, stars: early-type, stars: magnetic field, stars: massive, stars: rotation, Astrophysics - Solar and Stellar Astrophysics},
         year = 2018,
        month = jan,
       volume = {475},
       number = {4},
        pages = {5144-5178},
          doi = {10.1093/mnras/sty103},
archivePrefix = {arXiv},
       eprint = {1801.02924},
 primaryClass = {astro-ph.SR},
       adsurl = {https://ui.adsabs.harvard.edu/abs/2018MNRAS.475.5144S},
      adsnote = {Provided by the SAO/NASA Astrophysics Data System}
}


@ARTICLE{Kochukhov2011,
       author = {{Kochukhov}, Oleg and {Lundin}, Andreas and {Romanyuk}, Iosif and {Kudryavtsev}, Dmitry},
        title = "{The Extraordinary Complex Magnetic Field of the Helium-strong Star HD 37776}",
      journal = {\apj},
     keywords = {magnetic fields, polarization, stars: atmospheres, stars: chemically peculiar, stars: individual: HD 37776, Astrophysics - Solar and Stellar Astrophysics},
         year = 2011,
        month = jan,
       volume = {726},
       number = {1},
          eid = {24},
        pages = {24},
          doi = {10.1088/0004-637X/726/1/24},
archivePrefix = {arXiv},
       eprint = {1010.5500},
 primaryClass = {astro-ph.SR},
       adsurl = {https://ui.adsabs.harvard.edu/abs/2011ApJ...726...24K},
      adsnote = {Provided by the SAO/NASA Astrophysics Data System}
}


@INPROCEEDINGS{Mikulasek2020,
       author = {{Mikul{\'a}{\v{s}}ek}, Z. and {Krti{\v{c}}ka}, J. and {Shultz}, M.~E. and {Henry}, G.~W. and {Prv{\'a}k}, M. and {David-Uraz}, A. and {Jan{\'\i}k}, J. and {Zejda}, M. and {Romanyuk}, I.~I.},
        title = "{What's New with Landstreet's Star HD 37776 (V901 Ori)?}",
     keywords = {Astrophysics - Solar and Stellar Astrophysics},
    booktitle = {Stellar Magnetism: A Workshop in Honour of the Career and Contributions of John D. Landstreet},
         year = 2020,
       editor = {{Wade}, Gregg and {Alecian}, Evelyne and {Bohlender}, David and {Sigut}, Aaron},
       volume = {11},
        month = nov,
        pages = {46-53},
          doi = {10.48550/arXiv.1912.04121},
archivePrefix = {arXiv},
       eprint = {1912.04121},
 primaryClass = {astro-ph.SR},
       adsurl = {https://ui.adsabs.harvard.edu/abs/2020pase.conf...46M},
      adsnote = {Provided by the SAO/NASA Astrophysics Data System}
}



@ARTICLE{Berry2022,
       author = {{Berry}, I.~D. and {Owocki}, S.~P. and {Shultz}, M.~E. and {ud-Doula}, A.},
        title = "{Electron scattering emission in the light curves of stars with centrifugal magnetospheres}",
      journal = {\mnras},
     keywords = {stars: chemically peculiar, stars: early-type, stars: magnetic field, stars: massive, stars: winds, outflows, Astrophysics - Solar and Stellar Astrophysics, Astrophysics - High Energy Astrophysical Phenomena},
         year = 2022,
        month = apr,
       volume = {511},
       number = {4},
        pages = {4815-4825},
          doi = {10.1093/mnras/stac322},
archivePrefix = {arXiv},
       eprint = {2202.00615},
 primaryClass = {astro-ph.SR},
       adsurl = {https://ui.adsabs.harvard.edu/abs/2022MNRAS.511.4815B},
      adsnote = {Provided by the SAO/NASA Astrophysics Data System}
}



@ARTICLE{Marigo2008,
       author = {{Marigo}, P. and {Girardi}, L. and {Bressan}, A. and {Groenewegen}, M.~A.~T. and {Silva}, L. and {Granato}, G.~L.},
        title = "{Evolution of asymptotic giant branch stars. II. Optical to far-infrared isochrones with improved TP-AGB models}",
      journal = {\aap},
     keywords = {astronomical data bases: miscellaneous, stars: AGB and post-AGB, stars: carbon, stars: evolution, galaxies: Magellanic Clouds, stars: Hertzsprung-Russell (HR) and C-M diagrams, Astrophysics},
         year = 2008,
        month = may,
       volume = {482},
       number = {3},
        pages = {883-905},
          doi = {10.1051/0004-6361:20078467},
archivePrefix = {arXiv},
       eprint = {0711.4922},
 primaryClass = {astro-ph},
       adsurl = {https://ui.adsabs.harvard.edu/abs/2008A&A...482..883M},
      adsnote = {Provided by the SAO/NASA Astrophysics Data System}
}


@ARTICLE{Reach2009,
       author = {{Reach}, William T. and {Lisse}, Carey and {von Hippel}, Ted and {Mullally}, Fergal},
        title = "{The Dust Cloud around the White Dwarf G 29-38. II. Spectrum from 5 to 40 {\ensuremath{\mu}}m and Mid-Infrared Photometric Variability}",
      journal = {\apj},
     keywords = {infrared: stars, stars: individual: G29-38 WD 2326+049, white dwarfs, Astrophysics},
         year = 2009,
        month = mar,
       volume = {693},
       number = {1},
        pages = {697-712},
          doi = {10.1088/0004-637X/693/1/697},
archivePrefix = {arXiv},
       eprint = {0810.3276},
 primaryClass = {astro-ph},
       adsurl = {https://ui.adsabs.harvard.edu/abs/2009ApJ...693..697R},
      adsnote = {Provided by the SAO/NASA Astrophysics Data System}
}


@ARTICLE{Rackham2018,
       author = {{Rackham}, Benjamin V. and {Apai}, D{\'a}niel and {Giampapa}, Mark S.},
        title = "{The Transit Light Source Effect: False Spectral Features and Incorrect Densities for M-dwarf Transiting Planets}",
      journal = {\apj},
     keywords = {methods: numerical, planets and satellites: atmospheres, planets and satellites: fundamental parameters, stars: activity, starspots, techniques: spectroscopic, Astrophysics - Earth and Planetary Astrophysics},
         year = 2018,
        month = feb,
       volume = {853},
       number = {2},
          eid = {122},
        pages = {122},
          doi = {10.3847/1538-4357/aaa08c},
archivePrefix = {arXiv},
       eprint = {1711.05691},
 primaryClass = {astro-ph.EP},
       adsurl = {https://ui.adsabs.harvard.edu/abs/2018ApJ...853..122R},
      adsnote = {Provided by the SAO/NASA Astrophysics Data System}
}


@ARTICLE{Koen2023,
       author = {{Koen}, Chris},
        title = "{Multifilter observations of the complex periodic variations in eight pre-main sequence stars}",
      journal = {\mnras},
     keywords = {stars: late type, stars: pre-main-sequence, stars: starspots, stars: variables: other, stars: T Tauri},
         year = 2023,
        month = jan,
       volume = {518},
       number = {2},
        pages = {2921-2937},
          doi = {10.1093/mnras/stac3276},
       adsurl = {https://ui.adsabs.harvard.edu/abs/2023MNRAS.518.2921K},
      adsnote = {Provided by the SAO/NASA Astrophysics Data System}
}



@ARTICLE{Kaur2024,
       author = {{Kaur}, Simranpreet and {Vigan{\`o}}, Daniele and {B{\'e}jar}, V{\'\i}ctor J.~S. and {S{\'a}nchez Monge}, {\'A}lvaro and {Morata}, {\`O}scar and {Kansabanik}, Devojyoti and {Miquel Girart}, Josep and {Carlos Morales}, Juan and {Anglada-Escud{\'e}}, Guillem and {Murgas}, Felipe and {Shan}, Yutong and {Ilin}, Ekaterina and {P{\'e}rez-Torres}, Miguel and {Zapatero Osorio}, Mar{\'\i}a Rosa and {Amado}, Pedro J. and {Caballero}, Jos{\'e} A. and {Del Sordo}, Fabio and {Palle}, Enric and {Quirrenbach}, Andreas and {Reiners}, Ansgar and {Ribas}, Ignasi},
        title = "{Hints of auroral and magnetospheric polarized radio emission from the scallop-shell star 2MASS J05082729{\textendash}2101444}",
      journal = {\aap},
     keywords = {planet-star interactions, stars: activity, circumstellar matter, stars: low-mass, stars: magnetic field, planetary systems, Astrophysics - Solar and Stellar Astrophysics, Astrophysics - High Energy Astrophysical Phenomena},
         year = 2024,
        month = nov,
       volume = {691},
          eid = {L17},
        pages = {L17},
          doi = {10.1051/0004-6361/202452037},
archivePrefix = {arXiv},
       eprint = {2410.22449},
 primaryClass = {astro-ph.SR},
       adsurl = {https://ui.adsabs.harvard.edu/abs/2024A&A...691L..17K},
      adsnote = {Provided by the SAO/NASA Astrophysics Data System}
}



@ARTICLE{Townsend2008,
       author = {{Townsend}, R.~H.~D.},
        title = "{Exploring the photometric signatures of magnetospheres around helium-strong stars}",
      journal = {\mnras},
     keywords = {techniques: photometric, stars: chemically peculiar, stars: fundamental parameters, stars: magnetic fields, stars: rotation, stars: variables: other, Astrophysics},
         year = 2008,
        month = sep,
       volume = {389},
       number = {2},
        pages = {559-566},
          doi = {10.1111/j.1365-2966.2008.13462.x},
archivePrefix = {arXiv},
       eprint = {0805.3179},
 primaryClass = {astro-ph},
       adsurl = {https://ui.adsabs.harvard.edu/abs/2008MNRAS.389..559T},
      adsnote = {Provided by the SAO/NASA Astrophysics Data System}
}



@ARTICLE{Cang2020,
       author = {{Cang}, T. -Q. and {Petit}, P. and {Donati}, J. -F. and {Folsom}, C.~P. and {Jardine}, M. and {Villarreal D'Angelo}, C. and {Vidotto}, A.~A. and {Marsden}, S.~C. and {Gallet}, F. and {Zaire}, B.},
        title = "{Magnetic field and prominences of the young, solar-like, ultra-rapid rotator V530 Persei}",
      journal = {\aap},
     keywords = {stars: individual: V530 Per, stars: magnetic field, stars: solar-type, stars: rotation, starspots, Astrophysics - Solar and Stellar Astrophysics},
         year = 2020,
        month = nov,
       volume = {643},
          eid = {A39},
        pages = {A39},
          doi = {10.1051/0004-6361/202037693},
archivePrefix = {arXiv},
       eprint = {2008.12120},
 primaryClass = {astro-ph.SR},
       adsurl = {https://ui.adsabs.harvard.edu/abs/2020A&A...643A..39C},
      adsnote = {Provided by the SAO/NASA Astrophysics Data System}
}



@ARTICLE{CollierCameron1992,
       author = {{Collier Cameron}, A. and {Woods}, J.~A.},
        title = "{Prominence activity in G dwarfs of the alpha Persei cluster.}",
      journal = {\mnras},
     keywords = {Dwarf Stars, G Stars, Open Clusters, Stellar Coronas, Stellar Magnetic Fields, Corotation, Stellar Envelopes, Stellar Rotation, Taylor Instability, Astrophysics},
         year = 1992,
        month = sep,
       volume = {258},
        pages = {360-370},
          doi = {10.1093/mnras/258.2.360},
       adsurl = {https://ui.adsabs.harvard.edu/abs/1992MNRAS.258..360C},
      adsnote = {Provided by the SAO/NASA Astrophysics Data System}
}



@ARTICLE{Johns-Krull2016,
       author = {{Johns-Krull}, Christopher M. and {Prato}, Lisa and {McLane}, Jacob N. and {Ciardi}, David R. and {van Eyken}, Julian C. and {Chen}, Wei and {Stauffer}, John R. and {Beichman}, Charles A. and {Frazier}, Sarah A. and {Boden}, Andrew F. and {Morales-Calder{\'o}n}, Maria and {Rebull}, Luisa M.},
        title = "{H{\ensuremath{\alpha}} Variability in PTFO8-8695 and the Possible Direct Detection of Emission from a 2 Million Year Old Evaporating Hot Jupiter}",
      journal = {\apj},
     keywords = {accretion, accretion disks, line: profiles, stars: atmospheres, stars: formation, stars: magnetic field, stars: pre-main sequence, Astrophysics - Earth and Planetary Astrophysics, Astrophysics - Solar and Stellar Astrophysics},
         year = 2016,
        month = oct,
       volume = {830},
       number = {1},
          eid = {15},
        pages = {15},
          doi = {10.3847/0004-637X/830/1/15},
archivePrefix = {arXiv},
       eprint = {1606.02701},
 primaryClass = {astro-ph.EP},
       adsurl = {https://ui.adsabs.harvard.edu/abs/2016ApJ...830...15J},
      adsnote = {Provided by the SAO/NASA Astrophysics Data System}
}


@ARTICLE{Skelly2008,
       author = {{Skelly}, M.~B. and {Unruh}, Y.~C. and {Collier Cameron}, A. and {Barnes}, J.~R. and {Donati}, J. -F. and {Lawson}, W.~A. and {Carter}, B.~D.},
        title = "{Doppler images and chromospheric variability of TWA 6}",
      journal = {\mnras},
     keywords = {stars: individual: TWA 6, stars: late-type, stars: magnetic fields, stars: pre-main-sequence, stars: rotation, stars: spots, Astrophysics},
         year = 2008,
        month = apr,
       volume = {385},
       number = {2},
        pages = {708-718},
          doi = {10.1111/j.1365-2966.2008.12917.x},
archivePrefix = {arXiv},
       eprint = {0801.0541},
 primaryClass = {astro-ph},
       adsurl = {https://ui.adsabs.harvard.edu/abs/2008MNRAS.385..708S},
      adsnote = {Provided by the SAO/NASA Astrophysics Data System}
}



@ARTICLE{Donati2000,
       author = {{Donati}, J. -F. and {Mengel}, M. and {Carter}, B.~D. and {Marsden}, S. and {Collier Cameron}, A. and {Wichmann}, R.},
        title = "{Surface differential rotation and prominences of the Lupus post T Tauri star RX J1508.6-4423}",
      journal = {\mnras},
     keywords = {STARS: ACTIVITY, STARS: CORONAE, STARS: INDIVIDUAL: RX J1508.6-4423, STARS: LATE-TYPE, STARS: MAGNETIC FIELDS, STARS: ROTATION},
         year = 2000,
        month = aug,
       volume = {316},
       number = {3},
        pages = {699-715},
          doi = {10.1046/j.1365-8711.2000.03570.x},
       adsurl = {https://ui.adsabs.harvard.edu/abs/2000MNRAS.316..699D},
      adsnote = {Provided by the SAO/NASA Astrophysics Data System}
}



@ARTICLE{Gunther2020,
       author = {{G{\"u}nther}, Maximilian N. and {Zhan}, Zhuchang and {Seager}, Sara and {Rimmer}, Paul B. and {Ranjan}, Sukrit and {Stassun}, Keivan G. and {Oelkers}, Ryan J. and {Daylan}, Tansu and {Newton}, Elisabeth and {Kristiansen}, Martti H. and {Olah}, Katalin and {Gillen}, Edward and {Rappaport}, Saul and {Ricker}, George R. and {Vanderspek}, Roland K. and {Latham}, David W. and {Winn}, Joshua N. and {Jenkins}, Jon M. and {Glidden}, Ana and {Fausnaugh}, Michael and {Levine}, Alan M. and {Dittmann}, Jason A. and {Quinn}, Samuel N. and {Krishnamurthy}, Akshata and {Ting}, Eric B.},
        title = "{Stellar Flares from the First TESS Data Release: Exploring a New Sample of M Dwarfs}",
      journal = {\aj},
     keywords = {Optical flares, Exoplanets, Habitable planets, Red dwarf flare stars, Stellar flares, Stellar activity, Habitable zone, Extrasolar rocky planets, Astrobiology, Pre-biotic astrochemistry, Exoplanet atmospheres, 1166, 498, 695, 1367, 1603, 1580, 696, 511, 74, 2079, 487, Astrophysics - Earth and Planetary Astrophysics},
         year = 2020,
        month = feb,
       volume = {159},
       number = {2},
          eid = {60},
        pages = {60},
          doi = {10.3847/1538-3881/ab5d3a},
archivePrefix = {arXiv},
       eprint = {1901.00443},
 primaryClass = {astro-ph.EP},
       adsurl = {https://ui.adsabs.harvard.edu/abs/2020AJ....159...60G},
      adsnote = {Provided by the SAO/NASA Astrophysics Data System}
}


@ARTICLE{France2013,
       author = {{France}, Kevin and {Froning}, Cynthia S. and {Linsky}, Jeffrey L. and {Roberge}, Aki and {Stocke}, John T. and {Tian}, Feng and {Bushinsky}, Rachel and {D{\'e}sert}, Jean-Michel and {Mauas}, Pablo and {Vieytes}, Mariela and {Walkowicz}, Lucianne M.},
        title = "{The Ultraviolet Radiation Environment around M dwarf Exoplanet Host Stars}",
      journal = {\apj},
     keywords = {planetary systems, stars: activity, stars: individual: GJ 581 GJ 876 GJ 436 GJ 832 GJ 667C GJ 1214, stars: low-mass, ultraviolet: stars, Astrophysics - Earth and Planetary Astrophysics, Astrophysics - Solar and Stellar Astrophysics},
         year = 2013,
        month = feb,
       volume = {763},
       number = {2},
          eid = {149},
        pages = {149},
          doi = {10.1088/0004-637X/763/2/149},
archivePrefix = {arXiv},
       eprint = {1212.4833},
 primaryClass = {astro-ph.EP},
       adsurl = {https://ui.adsabs.harvard.edu/abs/2013ApJ...763..149F},
      adsnote = {Provided by the SAO/NASA Astrophysics Data System}
}


@ARTICLE{Ribas2015,
       author = {{Ribas}, {\'A}lvaro and {Bouy}, Herv{\'e} and {Mer{\'\i}n}, Bruno},
        title = "{Protoplanetary disk lifetimes vs. stellar mass and possible implications for giant planet populations}",
      journal = {\aap},
     keywords = {protoplanetary disks, planet-disk interactions, stars: formation, planetary systems, stars: pre-main sequence, Astrophysics - Solar and Stellar Astrophysics},
         year = 2015,
        month = apr,
       volume = {576},
          eid = {A52},
        pages = {A52},
          doi = {10.1051/0004-6361/201424846},
archivePrefix = {arXiv},
       eprint = {1502.00631},
 primaryClass = {astro-ph.SR},
       adsurl = {https://ui.adsabs.harvard.edu/abs/2015A&A...576A..52R},
      adsnote = {Provided by the SAO/NASA Astrophysics Data System}
}


@BOOK{NAP26141,
  author    = "National Academies of Sciences, Engineering, and Medicine",
  title     = "Pathways to Discovery in Astronomy and Astrophysics for the 2020s",
  isbn      = "978-0-309-46734-6",
  doi       = "10.17226/26141",
  abstract  = "We live in a time of extraordinary discovery and progress in astronomy and astrophysics. The next decade will transform our understanding of the universe and humanity's place in it.  Every decade the U.S. agencies that provide primary federal funding for astronomy and astrophysics request a survey to assess the status of, and opportunities for the Nation's efforts to forward our understanding of the cosmos. Pathways to Discovery in Astronomy and Astrophysics for the 2020s identifies the most compelling science goals and presents an ambitious program of ground- and space-based activities for future investment in the next decade and beyond.  The decadal survey identifies three important science themes for the next decade aimed at investigating Earth-like extrasolar planets, the most energetic processes in the universe, and the evolution of galaxies.  The Astro2020 report also recommends critical near-term actions to support the foundations of the profession as well as the technologies and tools needed to carry out the science.",
  url       = "https://nap.nationalacademies.org/catalog/26141/pathways-to-discovery-in-astronomy-and-astrophysics-for-the-2020s",
  year      = 2023,
  publisher = "The National Academies Press",
  address   = "Washington, DC"
}


@ARTICLE{Dressing2015,
       author = {{Dressing}, Courtney D. and {Charbonneau}, David},
        title = "{The Occurrence of Potentially Habitable Planets Orbiting M Dwarfs Estimated from the Full Kepler Dataset and an Empirical Measurement of the Detection Sensitivity}",
      journal = {\apj},
     keywords = {catalogs, methods: data analysis, planetary systems, stars: low-mass, surveys, techniques: photometric, Astrophysics - Earth and Planetary Astrophysics, Astrophysics - Solar and Stellar Astrophysics},
         year = 2015,
        month = jul,
       volume = {807},
       number = {1},
          eid = {45},
        pages = {45},
          doi = {10.1088/0004-637X/807/1/45},
archivePrefix = {arXiv},
       eprint = {1501.01623},
 primaryClass = {astro-ph.EP},
       adsurl = {https://ui.adsabs.harvard.edu/abs/2015ApJ...807...45D},
      adsnote = {Provided by the SAO/NASA Astrophysics Data System}
}



@ARTICLE{Howard2010,
       author = {{Howard}, Andrew W. and {Johnson}, John Asher and {Marcy}, Geoffrey W. and {Fischer}, Debra A. and {Wright}, Jason T. and {Bernat}, David and {Henry}, Gregory W. and {Peek}, Kathryn M.~G. and {Isaacson}, Howard and {Apps}, Kevin and {Endl}, Michael and {Cochran}, William D. and {Valenti}, Jeff A. and {Anderson}, Jay and {Piskunov}, Nikolai E.},
        title = "{The California Planet Survey. I. Four New Giant Exoplanets}",
      journal = {\apj},
     keywords = {binaries: visual, planetary systems, stars: individual: HD 34445 HD 126614 HD 24496 HD 13931 G1 179, techniques: high angular resolution, techniques: photometric, techniques: radial velocities, Astrophysics - Earth and Planetary Astrophysics},
         year = 2010,
        month = oct,
       volume = {721},
       number = {2},
        pages = {1467-1481},
          doi = {10.1088/0004-637X/721/2/1467},
archivePrefix = {arXiv},
       eprint = {1003.3488},
 primaryClass = {astro-ph.EP},
       adsurl = {https://ui.adsabs.harvard.edu/abs/2010ApJ...721.1467H},
      adsnote = {Provided by the SAO/NASA Astrophysics Data System}
}


@INBOOK{vogt_hires_1994,
	author = {{Vogt}, S.~S. and {Allen}, S.~L. and {Bigelow}, B.~C. and {Bresee}, L. and
	{Brown}, B. and {Cantrall}, T. and {Conrad}, A. and {Couture}, M. and
	{Delaney}, C. and {Epps}, H.~W. and {Hilyard}, D. and {Hilyard}, D.~F. and
	{Horn}, E. and {Jern}, N. and {Kanto}, D. and {Keane}, M.~J. and
	{Kibrick}, R.~I. and {Lewis}, J.~W. and {Osborne}, J. and
	{Pardeilhan}, G.~H. and {Pfister}, T. and {Ricketts}, T. and
	{Robinson}, L.~B. and {Stover}, R.~J. and {Tucker}, D. and {Ward}, J. and
	{Wei}, M.~Z.},
	title = "{SPIE Conference Series}",
	keywords = {ASTEROSEISMOLOGY},
	booktitle = {\procspie},
	year = "1994",
	editor = {{Crawford}, David L. and {Craine}, Eric R.},
	volume = {2198},
	%series = {SPIE Conference Series},
	pages = {362},
	doi = {10.1117/12.176725},
	adsurl = {https://ui.adsabs.harvard.edu/abs/1994SPIE.2198..362V},
	adsnote = {Provided by the SAO/NASA Astrophysics Data System}
}


@ARTICLE{Rebull2018,
       author = {{Rebull}, L.~M. and {Stauffer}, J.~R. and {Cody}, A.~M. and {Hillenbrand}, L.~A. and {David}, T.~J. and {Pinsonneault}, M.},
        title = "{Rotation of Low-mass Stars in Upper Scorpius and {\ensuremath{\rho}} Ophiuchus with K2}",
      journal = {\aj},
     keywords = {stars: low-mass, stars: pre-main sequence, Astrophysics - Solar and Stellar Astrophysics},
         year = 2018,
        month = may,
       volume = {155},
       number = {5},
          eid = {196},
        pages = {196},
          doi = {10.3847/1538-3881/aab605},
archivePrefix = {arXiv},
       eprint = {1803.04440},
 primaryClass = {astro-ph.SR},
       adsurl = {https://ui.adsabs.harvard.edu/abs/2018AJ....155..196R},
      adsnote = {Provided by the SAO/NASA Astrophysics Data System}
}


@ARTICLE{Daley-Yates2024,
       author = {{Daley-Yates}, S. and {Jardine}, Moira M.},
        title = "{Simulating stellar coronal rain and slingshot prominences}",
      journal = {\mnras},
     keywords = {Astrophysics - Solar and Stellar Astrophysics},
         year = 2024,
        month = oct,
       volume = {534},
       number = {1},
        pages = {621-633},
          doi = {10.1093/mnras/stae2131},
archivePrefix = {arXiv},
       eprint = {2409.07297},
 primaryClass = {astro-ph.SR},
       adsurl = {https://ui.adsabs.harvard.edu/abs/2024MNRAS.534..621D},
      adsnote = {Provided by the SAO/NASA Astrophysics Data System}
}


@ARTICLE{Petit2013,
       author = {{Petit}, V. and {Owocki}, S.~P. and {Wade}, G.~A. and {Cohen}, D.~H. and {Sundqvist}, J.~O. and {Gagn{\'e}}, M. and {Ma{\'\i}z Apell{\'a}niz}, J. and {Oksala}, M.~E. and {Bohlender}, D.~A. and {Rivinius}, T. and {Henrichs}, H.~F. and {Alecian}, E. and {Townsend}, R.~H.~D. and {ud-Doula}, A. and {MiMeS Collaboration}},
        title = "{A magnetic confinement versus rotation classification of massive-star magnetospheres}",
      journal = {\mnras},
     keywords = {circumstellar matter, stars: early-type, stars: fundamental parameters, stars: magnetic fields, stars: mass-loss, stars: rotation, Astrophysics - Solar and Stellar Astrophysics},
         year = 2013,
        month = feb,
       volume = {429},
       number = {1},
        pages = {398-422},
          doi = {10.1093/mnras/sts344},
archivePrefix = {arXiv},
       eprint = {1211.0282},
 primaryClass = {astro-ph.SR},
       adsurl = {https://ui.adsabs.harvard.edu/abs/2013MNRAS.429..398P},
      adsnote = {Provided by the SAO/NASA Astrophysics Data System}
}



@ARTICLE{Dunstone2006,
       author = {{Dunstone}, N.~J. and {Collier Cameron}, A. and {Barnes}, J.~R. and {Jardine}, M.},
        title = "{The coronal structure of Speedy Mic - II. Prominence masses and off-disc emission}",
      journal = {\mnras},
     keywords = {line: profiles, stars: activity, circumstellar matter, stars: coronae, stars: late-type, Astrophysics},
         year = 2006,
        month = dec,
       volume = {373},
       number = {4},
        pages = {1308-1320},
          doi = {10.1111/j.1365-2966.2006.11128.x},
archivePrefix = {arXiv},
       eprint = {astro-ph/0610106},
 primaryClass = {astro-ph},
       adsurl = {https://ui.adsabs.harvard.edu/abs/2006MNRAS.373.1308D},
      adsnote = {Provided by the SAO/NASA Astrophysics Data System}
}


@ARTICLE{Townsend2005,
       author = {{Townsend}, R.~H.~D. and {Owocki}, S.~P.},
        title = "{A rigidly rotating magnetosphere model for circumstellar emission from magnetic OB stars}",
      journal = {\mnras},
     keywords = {stars: chemically peculiar, stars: early-type, stars: emission-line, Be, stars: magnetic fields, stars: mass-loss, stars: rotation, Astrophysics},
         year = 2005,
        month = feb,
       volume = {357},
       number = {1},
        pages = {251-264},
          doi = {10.1111/j.1365-2966.2005.08642.x},
archivePrefix = {arXiv},
       eprint = {astro-ph/0408565},
 primaryClass = {astro-ph},
       adsurl = {https://ui.adsabs.harvard.edu/abs/2005MNRAS.357..251T},
      adsnote = {Provided by the SAO/NASA Astrophysics Data System}
}


@ARTICLE{CollierCameron1989,
       author = {{Collier Cameron}, A. and {Robinson}, R.~D.},
        title = "{Fast H-alpha variations on a rapidly rotating cool main sequence star- I. Circumstellar clouds.}",
      journal = {\mnras},
     keywords = {Cool Stars, Dwarf Stars, H Alpha Line, Main Sequence Stars, Stellar Envelopes, Stellar Rotation, Absorption Spectra, Clouds, Radial Velocity, Stellar Coronas, Stellar Magnetic Fields, Astrophysics},
         year = 1989,
        month = jan,
       volume = {236},
        pages = {57-87},
          doi = {10.1093/mnras/236.1.57},
       adsurl = {https://ui.adsabs.harvard.edu/abs/1989MNRAS.236...57C},
      adsnote = {Provided by the SAO/NASA Astrophysics Data System}
}


@ARTICLE{Bouma2024,
       author = {{Bouma}, Luke G. and {Jayaraman}, Rahul and {Rappaport}, Saul and {Rebull}, Luisa M. and {Hillenbrand}, Lynne A. and {Winn}, Joshua N. and {David-Uraz}, Alexandre and {Bakos}, G{\'a}sp{\'a}r {\'A}.},
        title = "{Transient Corotating Clumps around Adolescent Low-mass Stars from Four Years of TESS}",
      journal = {\aj},
     keywords = {Weak-line T Tauri stars, Periodic variable stars, Circumstellar matter, Star clusters, Stellar magnetic fields, Stellar rotation, 1795, 1213, 241, 1567, 1610, 1629, Astrophysics - Solar and Stellar Astrophysics, Astrophysics - Earth and Planetary Astrophysics},
         year = 2024,
        month = jan,
       volume = {167},
       number = {1},
          eid = {38},
        pages = {38},
          doi = {10.3847/1538-3881/ad0c4c},
archivePrefix = {arXiv},
       eprint = {2309.06471},
 primaryClass = {astro-ph.SR},
       adsurl = {https://ui.adsabs.harvard.edu/abs/2024AJ....167...38B},
      adsnote = {Provided by the SAO/NASA Astrophysics Data System}
}

@ARTICLE{Koen2023,
       author = {{Koen}, Chris},
        title = "{Multifilter observations of the complex periodic variations in eight pre-main sequence stars}",
      journal = {\mnras},
     keywords = {stars: late type, stars: pre-main-sequence, stars: starspots, stars: variables: other, stars: T Tauri},
         year = 2023,
        month = jan,
       volume = {518},
       number = {2},
        pages = {2921-2937},
          doi = {10.1093/mnras/stac3276},
       adsurl = {https://ui.adsabs.harvard.edu/abs/2023MNRAS.518.2921K},
      adsnote = {Provided by the SAO/NASA Astrophysics Data System}
}

@ARTICLE{Sanderson2023,
       author = {{Sanderson}, H. and {Jardine}, M. and {Collier Cameron}, A. and {Morin}, J. and {Donati}, J. -F.},
        title = "{Can scallop-shell stars trap dust in their magnetic fields?}",
      journal = {\mnras},
     keywords = {stars: coronae, stars: low mass, stars: magnetic field, stars: variable, Astrophysics - Solar and Stellar Astrophysics, Astrophysics - Earth and Planetary Astrophysics},
         year = 2023,
        month = jan,
       volume = {518},
       number = {3},
        pages = {4734-4745},
          doi = {10.1093/mnras/stac3302},
archivePrefix = {arXiv},
       eprint = {2211.04765},
 primaryClass = {astro-ph.SR},
       adsurl = {https://ui.adsabs.harvard.edu/abs/2023MNRAS.518.4734S},
      adsnote = {Provided by the SAO/NASA Astrophysics Data System}
}

@ARTICLE{Waugh2022,
       author = {{Waugh}, Rose F.~P. and {Jardine}, Moira M.},
        title = "{Magnetic confinement of dense plasma inside (and outside) stellar coronae}",
      journal = {\mnras},
     keywords = {stars: low-mass, stars: magnetic field, stars: mass-loss},
         year = 2022,
        month = aug,
       volume = {514},
       number = {4},
        pages = {5465-5477},
          doi = {10.1093/mnras/stac1698},
       adsurl = {https://ui.adsabs.harvard.edu/abs/2022MNRAS.514.5465W},
      adsnote = {Provided by the SAO/NASA Astrophysics Data System}
}

@ARTICLE{Gunther2022,
       author = {{G{\"u}nther}, Maximilian N. and {Berardo}, David A. and {Ducrot}, Elsa and {Murray}, Catriona A. and {Stassun}, Keivan G. and {Olah}, Katalin and {Bouma}, L.~G. and {Rappaport}, Saul and {Winn}, Joshua N. and {Feinstein}, Adina D. and {Matthews}, Elisabeth C. and {Sebastian}, Daniel and {Rackham}, Benjamin V. and {Seli}, B{\'a}lint and {Triaud}, Amaury H.~M.~J. and {Gillen}, Edward and {Levine}, Alan M. and {Demory}, Brice-Olivier and {Gillon}, Micha{\"e}l and {Queloz}, Didier and {Ricker}, George R. and {Vanderspek}, Roland K. and {Seager}, Sara and {Latham}, David W. and {Jenkins}, Jon M. and {Brasseur}, C.~E. and {Col{\'o}n}, Knicole D. and {Daylan}, Tansu and {Delrez}, Laetitia and {Fausnaugh}, Michael and {Garcia}, Lionel J. and {Jayaraman}, Rahul and {Jehin}, Emmanuel and {Kristiansen}, Martti H. and {Kruijssen}, J.~M. Diederik and {Pedersen}, Peter Pihlmann and {Pozuelos}, Francisco J. and {Rodriguez}, Joseph E. and {Wohler}, Bill and {Zhan}, Zhuchang},
        title = "{Complex Modulation of Rapidly Rotating Young M Dwarfs: Adding Pieces to the Puzzle}",
      journal = {\aj},
     keywords = {1761, 1213, 1681, 1290, 982, 1629, 1572, 1580, 1603, Astrophysics - Solar and Stellar Astrophysics, Astrophysics - Earth and Planetary Astrophysics},
         year = 2022,
        month = apr,
       volume = {163},
       number = {4},
          eid = {144},
        pages = {144},
          doi = {10.3847/1538-3881/ac503c},
archivePrefix = {arXiv},
       eprint = {2008.11681},
 primaryClass = {astro-ph.SR},
       adsurl = {https://ui.adsabs.harvard.edu/abs/2022AJ....163..144G},
      adsnote = {Provided by the SAO/NASA Astrophysics Data System}
}

@ARTICLE{Koen2021,
       author = {{Koen}, C.},
        title = "{Starspot modelling of the TESS light curve of CVSO 30}",
      journal = {\aap},
     keywords = {stars: variables: T Tauri, Herbig Ae/Be},
         year = 2021,
        month = mar,
       volume = {647},
          eid = {L1},
        pages = {L1},
          doi = {10.1051/0004-6361/202140400},
       adsurl = {https://ui.adsabs.harvard.edu/abs/2021A&A...647L...1K},
      adsnote = {Provided by the SAO/NASA Astrophysics Data System}
}

@ARTICLE{Stauffer2021,
       author = {{Stauffer}, John and {Rebull}, Luisa M. and {Jardine}, Moira and {Collier Cameron}, Andrew and {Cody}, Ann Marie and {Hillenbrand}, Lynne A. and {Barrado}, David and {Kruse}, Ethan and {Powell}, Brian P.},
        title = "{Even More Rapidly Rotating Pre-main-sequence M Dwarfs with Highly Structured Light Curves: An Initial Survey in the Lower Centaurus-Crux and Upper Centaurus-Lupus Associations}",
      journal = {\aj},
     keywords = {Young star clusters, M stars, Stellar rotation, 1833, 985, 1629, Astrophysics - Solar and Stellar Astrophysics},
         year = 2021,
        month = feb,
       volume = {161},
       number = {2},
          eid = {60},
        pages = {60},
          doi = {10.3847/1538-3881/abc7c6},
archivePrefix = {arXiv},
       eprint = {2011.01839},
 primaryClass = {astro-ph.SR},
       adsurl = {https://ui.adsabs.harvard.edu/abs/2021AJ....161...60S},
      adsnote = {Provided by the SAO/NASA Astrophysics Data System}
}

@ARTICLE{Koen2021,
       author = {{Koen}, C.},
        title = "{Can complex T Tauri star light curves be modelled with star-spots?}",
      journal = {\mnras},
     keywords = {methods: statistical, stars: variables: T Tauri, Herbig Ae/Be},
         year = 2021,
        month = jan,
       volume = {500},
       number = {1},
        pages = {1366-1379},
          doi = {10.1093/mnras/staa3347},
       adsurl = {https://ui.adsabs.harvard.edu/abs/2021MNRAS.500.1366K},
      adsnote = {Provided by the SAO/NASA Astrophysics Data System}
}

@ARTICLE{Bouma2020,
       author = {{Bouma}, L.~G. and {Winn}, J.~N. and {Ricker}, G.~R. and {Vanderspek}, R. and {Latham}, D.~W. and {Seager}, S. and {Jenkins}, J.~M. and {Barclay}, T. and {Collins}, K.~A. and {Doty}, J.~P. and {Louie}, D.~R. and {Quinn}, S.~N. and {Rose}, M.~E. and {Smith}, J.~C. and {Villase{\~n}or}, J. and {Wohler}, B.},
        title = "{PTFO 8-8695: Two Stars, Two Signals, No Planet}",
      journal = {\aj},
     keywords = {Exoplanet evolution, Pre-main sequence stars, Stellar rotation, Variable stars, Low mass stars, 491, 1290, 1629, 1761, 2050, Astrophysics - Solar and Stellar Astrophysics, Astrophysics - Earth and Planetary Astrophysics},
         year = 2020,
        month = aug,
       volume = {160},
       number = {2},
          eid = {86},
        pages = {86},
          doi = {10.3847/1538-3881/ab9e73},
archivePrefix = {arXiv},
       eprint = {2005.10253},
 primaryClass = {astro-ph.SR},
       adsurl = {https://ui.adsabs.harvard.edu/abs/2020AJ....160...86B},
      adsnote = {Provided by the SAO/NASA Astrophysics Data System}
}

@ARTICLE{Rebull2020,
       author = {{Rebull}, L.~M. and {Stauffer}, J.~R. and {Cody}, A.~M. and {Hillenbrand}, L.~A. and {Bouvier}, J. and {Roggero}, N. and {David}, T.~J.},
        title = "{Rotation of Low-mass Stars in Taurus with K2}",
      journal = {\aj},
     keywords = {Star formation, Stellar rotation, Starspots, 1569, 1629, 1572, Astrophysics - Solar and Stellar Astrophysics, Astrophysics - Astrophysics of Galaxies},
         year = 2020,
        month = jun,
       volume = {159},
       number = {6},
          eid = {273},
        pages = {273},
          doi = {10.3847/1538-3881/ab893c},
archivePrefix = {arXiv},
       eprint = {2004.04236},
 primaryClass = {astro-ph.SR},
       adsurl = {https://ui.adsabs.harvard.edu/abs/2020AJ....159..273R},
      adsnote = {Provided by the SAO/NASA Astrophysics Data System}
}

@ARTICLE{Zhan2019,
       author = {{Zhan}, Z. and {G{\"u}nther}, M.~N. and {Rappaport}, S. and {Ol{\'a}h}, K. and {Mann}, A. and {Levine}, A.~M. and {Winn}, J. and {Dai}, F. and {Zhou}, G. and {Huang}, Chelsea X. and {Bouma}, L.~G. and {Ireland}, M.~J. and {Ricker}, G. and {Vanderspek}, R. and {Latham}, D. and {Seager}, S. and {Jenkins}, J. and {Caldwell}, D.~A. and {Doty}, J.~P. and {Essack}, Z. and {Furesz}, G. and {Leidos}, M.~E.~R. and {Rowden}, P. and {Smith}, J.~C. and {Stassun}, K.~G. and {Vezie}, M.},
        title = "{Complex Rotational Modulation of Rapidly Rotating M Stars Observed with TESS}",
      journal = {\apj},
     keywords = {circumstellar matter, stars: flare, stars: low-mass, stars: pre-main sequence, stars: variables: general, starspots, Astrophysics - Solar and Stellar Astrophysics},
         year = 2019,
        month = may,
       volume = {876},
       number = {2},
          eid = {127},
        pages = {127},
          doi = {10.3847/1538-4357/ab158c},
archivePrefix = {arXiv},
       eprint = {1903.02061},
 primaryClass = {astro-ph.SR},
       adsurl = {https://ui.adsabs.harvard.edu/abs/2019ApJ...876..127Z},
      adsnote = {Provided by the SAO/NASA Astrophysics Data System}
}

@ARTICLE{Stauffer2018,
       author = {{Stauffer}, John and {Rebull}, Luisa and {David}, Trevor J. and {Jardine}, Moira and {Collier Cameron}, Andrew and {Cody}, Ann Marie and {Hillenbrand}, Lynne A. and {Barrado}, David and {van Eyken}, Julian and {Melis}, Carl and {Briceno}, Cesar},
        title = "{More Rapidly Rotating PMS M Dwarfs with Light Curves Suggestive of Orbiting Clouds of Material}",
      journal = {\aj},
     keywords = {stars: pre-main sequence, stars: variables: T Tauri, Herbig Ae/Be, Astrophysics - Solar and Stellar Astrophysics},
         year = 2018,
        month = feb,
       volume = {155},
       number = {2},
          eid = {63},
        pages = {63},
          doi = {10.3847/1538-3881/aaa19d},
archivePrefix = {arXiv},
       eprint = {1712.04390},
 primaryClass = {astro-ph.SR},
       adsurl = {https://ui.adsabs.harvard.edu/abs/2018AJ....155...63S},
      adsnote = {Provided by the SAO/NASA Astrophysics Data System}
}

@ARTICLE{Farihi2017,
       author = {{Farihi}, J. and {von Hippel}, T. and {Pringle}, J.~E.},
        title = "{Magnetospherically-trapped dust and a possible model for the unusual transits at WD 1145+017}",
      journal = {\mnras},
     keywords = {circumstellar matter, stars: individual: (WD 1145+017), white dwarfs, Astrophysics - Solar and Stellar Astrophysics, Astrophysics - Earth and Planetary Astrophysics},
         year = 2017,
        month = oct,
       volume = {471},
       number = {1},
        pages = {L145-L149},
          doi = {10.1093/mnrasl/slx122},
archivePrefix = {arXiv},
       eprint = {1707.09474},
 primaryClass = {astro-ph.SR},
       adsurl = {https://ui.adsabs.harvard.edu/abs/2017MNRAS.471L.145F},
      adsnote = {Provided by the SAO/NASA Astrophysics Data System}
}

@ARTICLE{Stauffer2017,
       author = {{Stauffer}, John and {Collier Cameron}, Andrew and {Jardine}, Moira and {David}, Trevor J. and {Rebull}, Luisa and {Cody}, Ann Marie and {Hillenbrand}, Lynne A. and {Barrado}, David and {Wolk}, Scott and {Davenport}, James and {Pinsonneault}, Marc},
        title = "{Orbiting Clouds of Material at the Keplerian Co-rotation Radius of Rapidly Rotating Low-mass WTTs in Upper Sco}",
      journal = {\aj},
     keywords = {stars: low-mass, stars: pre-main sequence, Astrophysics - Solar and Stellar Astrophysics},
         year = 2017,
        month = apr,
       volume = {153},
       number = {4},
          eid = {152},
        pages = {152},
          doi = {10.3847/1538-3881/aa5eb9},
archivePrefix = {arXiv},
       eprint = {1702.01797},
 primaryClass = {astro-ph.SR},
       adsurl = {https://ui.adsabs.harvard.edu/abs/2017AJ....153..152S},
      adsnote = {Provided by the SAO/NASA Astrophysics Data System}
}

@ARTICLE{Rebull2016,
       author = {{Rebull}, L.~M. and {Stauffer}, J.~R. and {Bouvier}, J. and {Cody}, A.~M. and {Hillenbrand}, L.~A. and {Soderblom}, D.~R. and {Valenti}, J. and {Barrado}, D. and {Bouy}, H. and {Ciardi}, D. and {Pinsonneault}, M. and {Stassun}, K. and {Micela}, G. and {Aigrain}, S. and {Vrba}, F. and {Somers}, G. and {Gillen}, E. and {Collier Cameron}, A.},
        title = "{Rotation in the Pleiades with K2. II. Multiperiod Stars}",
      journal = {\aj},
     keywords = {galaxies: clusters: individual: Pleiades, stars: rotation, Astrophysics - Solar and Stellar Astrophysics},
         year = 2016,
        month = nov,
       volume = {152},
       number = {5},
          eid = {114},
        pages = {114},
          doi = {10.3847/0004-6256/152/5/114},
archivePrefix = {arXiv},
       eprint = {1606.00055},
 primaryClass = {astro-ph.SR},
       adsurl = {https://ui.adsabs.harvard.edu/abs/2016AJ....152..114R},
      adsnote = {Provided by the SAO/NASA Astrophysics Data System}
}

@ARTICLE{Vanderburg2015,
       author = {{Vanderburg}, Andrew and {Johnson}, John Asher and {Rappaport}, Saul and {Bieryla}, Allyson and {Irwin}, Jonathan and {Lewis}, John Arban and {Kipping}, David and {Brown}, Warren R. and {Dufour}, Patrick and {Ciardi}, David R. and {Angus}, Ruth and {Schaefer}, Laura and {Latham}, David W. and {Charbonneau}, David and {Beichman}, Charles and {Eastman}, Jason and {McCrady}, Nate and {Wittenmyer}, Robert A. and {Wright}, Jason T.},
        title = "{A disintegrating minor planet transiting a white dwarf}",
      journal = {\nat},
     keywords = {Astrophysics - Earth and Planetary Astrophysics, Astrophysics - Solar and Stellar Astrophysics},
         year = 2015,
        month = oct,
       volume = {526},
       number = {7574},
        pages = {546-549},
          doi = {10.1038/nature15527},
archivePrefix = {arXiv},
       eprint = {1510.06387},
 primaryClass = {astro-ph.EP},
       adsurl = {https://ui.adsabs.harvard.edu/abs/2015Natur.526..546V},
      adsnote = {Provided by the SAO/NASA Astrophysics Data System}
}


